954 1333
163 150 232 170 Mariae
246 148 316 169 Matris
327 147 408 169 Domini
419 146 575 172 Congregatione
589 146 651 172 primo
664 146 756 167 sancitum
766 146 803 168 fuit
814 154 845 168 an-

164 183 190 196 no
206 182 258 204 ¹423-
271 174 295 194 ad
313 174 366 199 cujus
379 173 488 200 exemplum
506 177 577 193 caeterae
590 172 659 198 Congr
683 173 756 193 ationes
773 173 794 193 in
808 174 845 195 suis

164 201 258 222 Comitiis
271 199 347 225 fingulae
360 198 443 225 singulos
456 198 507 218 viros
520 198 631 223 elegerunt,
644 204 669 217 un
684 204 694 218 e
707 199 845 224 Congregatio-

165 233 212 247 num
218 225 330 251 Collegium
342 225 424 250 prodiit,
435 224 487 253 quod
500 230 570 243 novern
582 223 760 249 Archspresbyoeri,
773 231 844 245 novem

164 251 261 276 Maffarii,
273 256 311 271 tres
324 250 395 270 Sindici
408 256 498 274 majores,
511 249 530 269 8<
542 249 573 269 sex
587 249 671 269 minores
681 263 687 273 ‚
700 256 767 270 omnes
780 257 846 271 nume-

164 285 186 298 ro
200 277 270 305 septem
284 276 337 305 supra
350 275 421 301 viginti
434 275 586 299 constituebam
598 274 686 300 Collegii
700 281 745 295 vero
760 276 845 297 Praesides

164 309 202 324 tres
215 308 239 323 ex
252 300 439 327 Archipresbyreris‚
452 306 527 326 tresque
542 300 614 320 Sindici
631 300 715 325 Maiores
733 301 812 321 biennio
825 301 847 322 in

165 335 244 349 munere
258 327 411 353 perseverabant,
424 326 493 352 quibus
506 325 568 352 postea
581 332 632 346 annu
641 328 692 351 ¹⁶37·
703 326 734 346 die
740 327 847 352 v.Septem-

165 354 203 375 bris
217 353 316 374 Federicus
330 352 347 372 S.
361 353 384 372 R.
399 353 421 372 E.
434 351 542 372 Cardinalis
554 352 649 372 Cornelio
663 352 770 372 Patriarcha
784 353 847 373 Vene-

165 380 235 400 tiarum
249 378 326 399 Arbiter
338 378 357 398 8<
370 377 479 398 Arbitrator
491 383 515 397 ex
529 377 612 397 Decreto
625 377 646 397 in
659 377 751 403 Collegit)
761 378 847 404 Congre-

166 405 265 431 gationum
279 404 319 424 lato
332 403 362 423 die
374 410 404 430 31.
416 403 462 428 Julii
476 403 559 428 ejusdern
573 402 619 422 anni
632 402 708 427 statuit,
721 408 742 423 ut
756 408 793 424 tres
803 410 847 424 aera-
868 417 872 421 -

164 429 304 459 riitquaestores¹
313 434 336 449 ex
348 429 377 449 his
388 429 467 458 §congre
480 428 576 449 ationibus
586 428 713 454 eligerentur,
725 435 806 454 quarum
812 430 848 450 Ar-

166 454 628 508 &32:⁵21ssss{gildffiocffssaeeffcilgbjritpfiusque
641 479 726 505 Collegii
741 480 849 501 Praesit-libus

165 506 262 527 destinatis
275 505 318 525 satis
328 505 383 525 Cleri
396 510 471 530 tranqui
481 506 531 524 lltan
542 505 699 529 consultum-effi
712 506 785 526 Clerici
796 506 849 526 enirn

164 531 345 561 §ongregatiqnum
358 537 406 560 aegre
411 530 497 555 Collegii
510 530 608 551 sententiis
621 530 760 556 acquiescentes
772 531 849 557 judices

167 562 252 582 mqulete
264 557 354 580 adibant,
366 563 399 582 qui
413 556 445 576 sua
458 555 551 581 postulata
564 561 681 576 tutarentur.

193 583 224 604 De
237 582 271 602 tali
285 582 349 607 itaque
362 581 450 602 scandalo
463 588 497 607 pro
510 581 565 601 Cleri
579 588 624 607 pace
637 581 722 602 tollendo
733 595 740 606 ,
757 582 803 602 dum
818 582 850 602 ha-

166 607 208 628 bito
221 607 304 629 consessu
317 607 423 627 consulitur
435 607 466 627 die
480 614 507 631 ¹4·
518 607 614 632 Septemb.
627 613 678 627 anno
694 614 746 632 1443.
760 608 848 627 omniurn

165 633 187 653 in
199 639 259 653 unum
277 639 313 652 con
329 638 382 652 ruere
395 632 492 652 sententiz
502 645 510 656 ‚
527 637 549 651 ut
568 632 593 651 D.
607 632 721 652 Laurentius
733 633 848 658 Justim'anns

165 658 269 684 Episcopus
282 658 312 678 Ca
328 657 401 677 ellanus
414 657 444 677 vir
457 663 497 678 non
510 657 609 683 prudentia
621 657 698 682 minus,
711 664 767 683 quam
781 657 846 678 sanai-

165 689 204 704 tate
217 684 236 706 8(
249 683 333 703 dofflrina
346 683 470 708 conspicuus,
483 683 562 703 Arbiter
574 683 594 704 B<
607 683 715 703 Arbitrator
728 684 829 709 eligeretur
840 697 848 708 ‚

165 710 189 729 ad
201 709 254 734 cuius
267 708 358 734 judicium
378 708 505 734 appellatione
524 713 597 728 remota
610 714 633 728 ex
647 708 783 729 Confratribus
795 709 848 729 Con-

165 734 297 779 gre‘gationum
307 734 398 760 unusquis
413 740 436 754 ue
445 734 532 758 querelas
543 734 583 754 suas
594 734 674 754 deferret
687 734 740 759 (A).
754 735 796 754 Nec
802 734 848 754 Cle-

164 760 181 780 ri
202 766 234 785 pes
247 759 268 779 in
281 759 357 779 irritum
370 766 391 779 ce
407 765 437 783 it,
449 759 539 785 siquidem
553 759 637 784 oPtimus
651 759 718 780 Praesul
731 766 782 780 anno
795 762 849 785 ¹448-

165 785 196 805 die
209 786 239 805 26.
252 785 348 810 Septemb.
362 785 412 810 leges
426 785 471 805 tulit
485 785 596 810 prudentia,
609 785 690 810 justitia,
703 785 721 804 &
734 785 847 805 discretione

163 811 267 835 mirabiles,
272 810 341 839 quibus
346 810 392 830 alias
397 810 509 831 addiderunt
516 810 628 830 Patriarchae
633 810 758 830 venetiarum
763 811 849 831 Andreas
867 817 905 842 Ο

165 836 303 856 Bondurnerius
316 842 367 855 anno
380 837 433 861 1460.
446 841 503 861 atque
517 835 617 860 Maphaeus
630 836 715 856 Ger-ardo
727 842 779 855 anno
795 843 847 861 ¹470·

165 867 186 881 ut
198 861 271 881 Arbitri
284 861 302 881 8<
313 861 442 881 Arbitratores
460 867 471 880 a
484 861 575 886 collegio
588 861 767 887 Congregationum
781 861 848 881 electi.

190 887 266 907 Interea
278 887 392 906 Concilium
405 886 499 906 Generale
511 886 573 906 XVII.
587 886 662 906 Bafileae
680 885 768 906 confisum
786 887 847 906 suerat

164 918 220 932 annor
229 912 361 932 Mcccexxxi.
374 911 397 931 ad
410 912 461 936 quod
473 918 518 931 cum
533 918 602 931 novem
618 912 711 932 Plebanus
724 918 747 932 ex
761 912 847 937 Congre-

163 937 273 963 garionibus
286 936 363 957 seleaos
376 937 395 956 S.
408 937 434 957 C.
447 937 535 957 destinari
548 937 634 962 jussisset,
649 937 734 957 Praefides
747 937 846 962 Collegii,

177 962 232 984 uibus
245 962 313 983 eleffio
326 962 438 982 demandata
451 962 523 986 fuerat,
537 969 607 982 novem
618 962 669 982 viros
679 962 764 982 doctrina
774 963 792 982 δε
803 969 846 988 pru-

162 969 579 1039 {fizzsscl’zssffinzizgsssssfixi⁰zffignffssg⁰e¹ss
588 988 846 1039 ccssssgf‘e‘gt‘iiss'ssfffssi'ss?

161 1039 214 1059 tibus
227 1045 312 1065 congruo
324 1052 330 1063 ‚
347 1045 385 1064 quo
399 1040 495 1059 alerentur
507 1038 601 1064 stipendio
619 1039 625 1064 (
651 1039 669 1064 ).
684 1039 726 1059 Viri
744 1045 808 1059 autem
817 1039 846 1059 fad

163 1064 262 1090 Synodum
276 1064 362 1084 destinati
376 1064 451 1085 suerunt
465 1064 505 1084 isti.

187 1090 269 1115 Ioannes
283 1089 377 1115 Pasqualis
391 1090 441 1109 Pleb.
455 1090 472 1109 S.
488 1089 568 1115 Agathae
587 1096 621 1116 pro
634 1090 789 1116 Congregatione
801 1090 846 1110 San-

164 1135 166 1137 ,
212 1114 238 1136 sti
250 1115 354 1136 Michaelis
365 1115 492 1140 Archangeli.

769 1141 821 1167 'Arn-

952 753 954 769 1

952 775 954 818 1
