954 1333
220 104 239 125 S.
256 104 353 125 Mum
370 110 403 125 DE
419 105 598 125 VIRGINIBUS.
696 110 720 125 21

67 145 115 160 eum
129 140 273 161 adhortationes
291 141 374 167 primum
393 141 412 161 &
425 141 512 162 salutaria
526 142 600 162 monita
618 141 673 166 irrito
686 142 751 162 labore

68 165 198 190 adhibuisset,
212 167 247 187 hac
260 167 291 192 spe
304 167 386 191 dejeetus
395 181 402 191 ‚
415 173 475 187 unum
487 167 582 193 reliquum
592 167 665 192 putavit
679 167 714 187 effe
725 173 752 186 re-

66 191 156 211 medium
167 205 175 216 ,
187 192 201 212 fi
213 192 259 212 alias
272 198 296 213 ex
308 192 452 213 observantibus
466 192 587 213 Monasteriis
601 192 675 213 eduEtas
690 192 752 217 Virgi-

67 222 101 245 nes
115 217 137 237 in
152 217 201 237 illud
220 218 317 238 induceret
327 233 333 238 .
351 218 381 238 Eo
400 218 426 243 pii
440 218 524 238 Praesulis
537 218 615 238 confilio
634 218 678 238 2&ae
691 218 711 237 in
726 224 751 237 ra-

66 242 119 270 biem
126 243 294 268 Sanffimoniales‚
305 250 350 263 cum
364 243 416 263 nulla
429 244 466 263 alia
478 243 584 269 suppeteret
595 243 656 267 ratio,
668 250 705 269 qua
715 243 751 263 for-

66 268 142 288 midata
156 268 305 289 Reformationis
319 269 402 295 pericula
415 269 534 293 devitarent,
547 269 614 289 Sedem
621 268 749 294 Apostolicam

66 293 190 321 appellarunt
201 308 208 318 ‚
225 294 302 320 antiqua
316 295 384 320 privile
398 294 460 314 iorum
479 294 518 319 jura
531 295 555 314 ad
569 294 659 314 tuendam
673 293 750 314 laxioris

66 323 112 338 vitae
128 319 228 339 licentiam
241 325 353 340 evocantes.
367 321 384 340 A
394 319 578 340 tubello‘Averoldo
584 319 678 345 Episcopo
684 319 751 339 Polen-

64 343 79 372 ,fi
92 344 209 365 demandata
222 345 258 365 fuit
271 345 374 371 appellatio
383 347 396 370 ζ
408 345 441 371 qui
455 352 475 365 re
488 351 512 366 ex
531 345 590 365 animi
604 345 632 365 sui
650 344 751 370 prudentia

63 369 137 390 intime
151 370 258 392 examinata
271 371 346 391 causam
359 371 418 396 ipsam
431 371 455 390 ad
468 371 535 390 Sedem
546 370 674 396 Apostolicam
686 370 750 390 remit-

65 399 109 415 tens
124 395 146 415 in
160 401 214 416 tanto
232 402 309 422 tamque
327 397 380 422 gravi
395 396 473 421 negotio
487 395 559 416 censuit
578 395 628 416 nihil
642 396 677 416 ess'e
696 395 750 415 inno-

64 421 217 467 vandum.e}es
230 428 253 442 ex
267 422 343 447 integro
355 421 412 442 latius
425 427 449 441 ex
462 421 617 446 subsequentibus
636 427 750 442 mouumen-

64 449 90 466 tis
105 452 165 472 appar
191 447 215 467 it.

121 486 136 496 „
187 473 259 493 Coram
274 473 335 494 Vobis
348 473 384 493 διε.

90 511 105 521 „
119 498 251 523 Compzrenr,
264 499 282 518 8(
296 499 314 518 se
327 499 438 524 praesentant
451 498 521 519 Vener.
533 498 622 519 nciam
628 497 751 518 DonatoAh·

62 535 76 546 „
90 523 158 543 batiffa
174 524 285 544 Monasterii
299 525 318 544 S.
331 524 399 544 Mariae
412 524 435 544 de
449 524 562 549 Virginibus
575 524 672 544 Venetiar.
691 523 709 543 8<
723 523 750 542 D.

63 560 77 571 „
92 548 160 568 Pisana
174 549 247 573 Pisani,
260 550 285 569 D.
299 550 360 569 Laura
375 549 438 569 Maria
456 549 559 569 Camerlen
574 556 584 568 a
594 563 601 573 ,
618 549 637 568 8(
651 549 676 569 D.
690 548 750 567 Pelle-

64 586 78 596 „
92 573 150 598 grina
163 574 253 599 Basegm,
271 575 296 594 D.
311 575 375 594 Maria
387 575 411 594 da
423 574 485 598 Iaeze,
498 575 524 593 D.
537 575 563 593 Pe
572 574 645 599 legrina
657 573 751 597 Canalis,

54 610 77 626 s„
92 599 120 618 D·
134 599 209 619 Helena
223 599 294 619 Pisani.
308 600 333 619 D.
348 599 481 619 Francischina
494 599 597 624 Justiniana
607 613 614 623 ‚
633 599 658 618 D.
671 598 751 627 Loredfi-

64 635 79 647 5,
93 630 118 643 na
132 624 243 649 Loredano,
257 625 282 644 D.
288 625 421 645 Francischina
427 625 520 644 Soranzo.
534 625 560 644 D.
571 624 655 644 Biancha
667 624 751 643 Valerii,

64 661 78 672 n
276 649 751 696 DbLssssfflz‘xfdP’ssfflissfflizss‘f’fifflfifit

63 687 78 723 Ζ
90 706 110 720 ra
116 700 140 720 de
147 700 216 721 Prioli.
230 702 255 720 D.
267 701 373 727 Gradeniga
379 701 498 726 Gradenigo.
512 701 537 721 D.
543 701 640 728 Andriana
650 700 714 720 Zane.
725 700 752 719 D.

64 738 78 749 ‚‚
91 725 265 746 AndrianaZorzi.
279 727 304 746 D.
311 727 409 747 Andriana
415 726 534 752 Gradenigo.
552 726 577 746 D.
584 726 701 746 Samaritana
713 725 752 745 Ca-

64 764 78 774 „
91 751 153 776 nalis,
166 758 233 772 omnes
246 752 339 773 moniales
352 753 370 772 5.
384 752 452 772 Mariae
465 752 489 772 de
503 752 615 777 Virginibus
629 751 675 771 Ord.
686 751 751 771 Cano-

66 789 80 800 „
94 777 183 797 nieorum
197 777 313 802 regularium
330 778 348 797 S.
363 778 426 798 Marci
439 778 514 803 Evang.
532 783 599 798 omnes
613 776 710 796 Moniales
723 776 751 795 di-

63 814 77 825 „
90 801 115 821 ffi
123 802 236 822 Monasterii
247 808 356 823 convocatae
369 803 392 823 ad
405 803 473 823 sonum
483 803 626 828 Caml-›awellae⁹
639 802 657 821 δε
671 801 750 821 existen-

65 839 78 851 „
91 831 120 847 tes
134 834 201 848 omnes
213 829 329 853 concordes,
342 829 432 853 nullaque
446 828 528 854 ipsarum
533 828 662 853 discrepante,
675 827 755 851 dicunt,

65 865 82 876 „
91 859 182 878 narrant,
195 855 306 879 exponunt,
319 854 338 874 8<
351 853 488 879 protestantur,
502 859 534 878 per
548 853 600 873 viam
613 852 675 878 qualis
688 857 749 877 prote-

66 891 80 902 „
92 878 178 899 stationis
191 879 273 904 qualiter
290 880 314 899 ad
332 879 414 905 ipsarum
427 879 519 899 noticiam
533 878 610 898 devenit
623 878 675 903 quod
687 878 749 897 Reve-

65 916 78 927 „
90 904 209 924 rendiffimus
215 905 240 924 D.
247 905 355 925 Patriarcha
365 904 490 925 Venetiarurn
502 904 535 924 suo
546 904 624 925 nomine
635 902 711 929 proprio
716 901 749 931 vel

66 933 79 952 ‚3
91 935 115 948 ex
125 930 191 949 asserta
200 930 282 956 quadam
293 930 443 952 Commiffione.
458 930 476 950 S.
488 930 513 950 D.
525 930 551 950 N.
565 929 608 949 vult
621 928 640 948 8<
667 927 748 957 retendit

66 967 79 977 „
91 954 138 980 ipsas
147 955 255 975 Reverend.
266 955 291 975 D.
304 955 402 976 Moniales
415 956 504 976 reducere
518 956 541 975 ad
552 955 635 981 rigorem
673 953 748 976 austeri-

66 992 79 1003 „
91 985 150 1001 tatem
164 981 288 1001 observantiae
299 981 317 1001 8<
329 981 424 1005 intendit,
438 987 461 1001 ex
467 987 506 1007 quo
513 981 582 1007 prefate
588 979 696 1000 Reverend.
703 978 748 999 Mo-

66 1017 79 1028 ῃ
90 1006 150 1026 niales
163 1006 206 1027 sunt
219 1007 323 1027 concordes
336 1007 412 1027 insimul
426 1007 449 1026 ad
463 1007 511 1026 bene
524 1006 629 1026 vivendum
643 1004 748 1025 secundum

66 1043 79 1054 ῃ
90 1031 184 1056 Regulam
198 1032 279 1057 ipsarum
292 1039 363 1058 ponere
376 1032 448 1057 aliquas
461 1032 507 1052 alias
522 1031 620 1051 Moniales
631 1030 709 1050 alterius
719 1035 749 1049 or-

67 1059 79 1078 ‚3
90 1056 139 1076 dinis
153 1057 173 1077 in
187 1057 237 1077 dicio
249 1057 380 1081 Monasterio,
393 1057 411 1077 8<
424 1058 486 1086 ipsum
498 1056 636 1076 Monasterium
650 1054 749 1078 dividere,

66 1093 79 1104 n
90 1082 108 1102 ὃς
121 1082 202 1109 prefatas
212 1083 318 1107 Reverend·
332 1084 358 1104 D.
369 1083 466 1104 Abbatiffa
476 1096 484 1107 ,
501 1082 520 1103 δε
533 1082 631 1103 Moniales
650 1080 674 1100 ad
680 1080 750 1125 gger-

653 1119 667 1130 υ
718 1117 724 1120 .
