954 1333
236 100 267 122 .24
363 94 736 117 DnMouisrtnzo‘

203 146 218 157 „
231 132 285 156 timu,
298 132 316 152 8<
329 131 409 151 aliarum
423 131 536 151 monialium
553 131 599 151 dieu
614 131 728 151 Monasterii
741 135 797 156 prout
810 130 833 150 de
850 129 883 150 suo

204 171 219 182 „
231 157 330 177 Sindicatu
348 157 470 185 legiptimam·
481 156 525 176 fecit
543 156 584 176 fieri
599 157 676 182 publico
692 157 809 176 documento
821 156 841 176 8<
857 156 882 175 D.

207 196 222 207 „
235 183 276 202 Suae
294 182 382 203 exhibuit
400 182 419 202 δε
438 182 551 208 presentavit
569 182 642 202 litteras
656 182 773 207 Apostolicas
791 180 884 207 praelibati

201 206 217 233 ⁹,
230 208 261 228 SS.
275 209 300 228 D.
313 210 338 228 N.
353 208 405 233 Papae
418 208 438 227 in
452 207 512 228 forma
526 208 588 228 brevis
601 208 674 228 annulo
685 208 782 228 Piscatoris
794 207 885 232 signatas,

203 231 217 258 ⁵,
230 233 282 253 sanas
294 234 371 259 quidem
384 247 391 257 ‚
407 233 425 253 8<
444 233 543 258 integras,
561 240 599 253 non
618 233 694 253 vitiatas
704 247 711 257 ,
729 239 763 253 nec
782 233 803 252 in
821 232 884 257 aliqua

204 273 220 283 „
232 259 260 278 sui
274 264 325 284 parte
343 258 433 284 suspeffias
447 265 485 278 uun
498 264 542 279 cum
561 258 684 288 suplicatione
700 258 802 278 introclusa
813 272 820 282 ‚
838 261 883 286 quas

202 298 215 309 „
229 284 284 310 petiit
297 284 368 309 recipi,
377 284 395 304 δι
408 284 484 304 admitti
498 284 575 308 debere,
586 284 665 309 illasque
676 284 763 309 apperiri,
776 283 795 303 &
809 283 831 302 ad
845 283 884 302 illa-

201 323 216 335 „
229 316 271 329 rum
278 309 410 329 executionem
418 309 494 335 procedi
505 310 556 334 juxta
562 309 810 330 sormam&continentiam
821 308 884 337 sugm.

227 349 241 360 „
254 335 295 360 Qui
309 336 438 355 Reverendiss.
456 335 482 355 D.
496 335 599 361 Episcopus
609 348 616 359 ‚
634 335 653 355 δε
666 335 748 361 Legatus
764 333 884 360 Apostohcus

202 374 216 385 ,,
229 360 476 390 εῃκάἰὲὶυς,1ἰιιοηςίρ[ες
486 361 510 381 ad
525 361 543 381 se
557 366 665 381 reverenter
679 359 884 386 accipienymandavit

201 399 216 411 „
228 386 271 406 illas
285 392 317 412 per
330 392 361 405 me
375 388 478 406 Notarium
491 386 509 406 le
523 386 542 410 i,
554 386 573 406 8<
586 386 685 407 intelleffio
699 392 765 406 tenore
776 391 841 406 earum
852 385 884 404 ob·

203 425 217 436 ‚‚
230 411 276 431 tulit
288 412 307 431 se
321 416 418 437 tamquam
437 411 487 432 filius
499 418 512 431 o
526 412 613 432 ediemiae
630 411 737 437 apostolicis
756 417 820 437 parere
834 410 884 439 velle

202 450 217 462 „
230 436 323 456 mandatis
337 442 393 462 prout
406 436 439 457 libi
453 437 559 462 injungitur
569 451 575 462 ‚
593 437 611 457 23<
625 438 726 458 mandatur
743 443 767 457 ex
781 436 843 456 forma
855 435 885 456 lit-

202 475 218 486 „
230 467 314 482 terarum
327 462 409 488 ipsarum
423 462 494 482 tenoris
507 463 559 482 subse
574 463 646 483 uentis.
656 464 679 483 «A
693 468 747 488 tergo
761 462 834 482 brevis.

229 501 243 512 ‚‚
256 488 306 507 Ven.
320 487 372 508 fratri
386 487 479 513 Episcopo
493 488 574 508 Pollenr
587 488 636 514 apud
653 488 738 508 Venetos
754 487 833 508 Nuntio
853 493 885 506 no-

205 526 222 537 „
232 512 268 533 stro
281 513 305 532 ab
318 512 379 533 intus.
393 513 434 533 Leo
445 513 494 538 Papa
500 513 523 533 X.
533 513 601 534 deinde
613 514 682 533 Vener.
693 513 717 537 fr„
727 513 757 533 sal.
771 513 789 533 8<
800 511 884 538 Apostol-

201 551 217 563 „
229 538 298 558 Bened.
312 538 408 559 mittimus
421 538 534 559 fraternitati
545 544 581 559 tuae
597 538 885 564 supplicationem,presentibus

203 577 218 589 ‚,
230 564 365 584 introclusam:
379 570 437 584 manu
450 564 515 584 dileffl
529 564 575 584 Filii
588 564 663 585 Nostri.
678 565 690 584 l.
701 564 759 584 eard.
772 564 790 584 S.
803 563 853 583 Petri
863 562 886 582 ad

204 602 219 614 ‚,
231 589 315 609 Vincula
333 589 353 609 in
367 589 459 615 presentia
477 589 538 610 nostra
557 589 647 615 signatam
667 590 792 618 volumusque
811 588 838 617 &⁶
849 588 885 617 tibi

203 628 218 639 „
230 614 382 639 committimus,
395 621 417 635 ae
431 615 555 639 mandamus,
568 620 589 635 ut
603 615 675 635 vocatis
689 616 778 636 vocandis
797 614 820 634 ad
833 613 886 633 illius

201 653 217 665 „
230 640 364 660 executionem
378 640 466 665 procedas
478 640 531 665 juxta
544 640 584 665 ejus
596 640 723 666 signaturam.
737 641 811 660 Datum
818 640 885 659 Romae

202 679 218 690 :n
231 665 280 690 apud
293 665 311 685 S.
325 665 414 690 Petrum,
427 665 461 686 sub
474 666 555 686 Annulo
569 666 667 686 Piscatoris
680 666 711 687 die
724 673 751 691 ¹7·
765 665 817 691 Junii
831 671 885 690 1519·

202 704 217 716 „
231 691 285 735 Ppnt.
293 690 365 720 .N‘.'st¹'i
378 697 428 711 anno
434 698 451 715 7.
462 691 475 711 l.
486 691 570 712 Blandus
580 692 608 717 Jo:
615 692 638 717 de
643 692 751 720 Boscheris:
766 691 832 711 Tenor
843 691 883 716 sup·

254 721 351 736 lCflssOsslS.
578 734 581 736 i

205 729 220 741 ”
228 722 245 766 ,ξ
256 741 362 761 Beatislime
375 742 439 762 Pater.
453 742 484 762 Ex
497 743 564 763 multis
577 743 685 769 Privilegiis
699 742 814 769 Apostolicis
827 740 891 761 maxi--

198 772 216 792 ¹„
228 773 260 786 rne
273 767 304 787 sel.
318 773 377 787 recor.
390 767 493 788 Alexandri
501 775 516 793 ς.
529 768 581 797 Papae
589 782 595 792 ‚
608 768 686 789 Nicolai
695 776 711 793 ς.
725 768 817 788 Bonifatii
825 781 831 791 ,
841 766 884 787 Ale·

200 805 216 818 „
229 792 295 812 xandri
305 794 323 812 6.
342 792 481 813 Momsterium
502 793 621 814 Monialium
641 794 700 814 beatae
716 793 784 813 Mariae
801 791 886 818 Virginis

200 832 215 843 ‚‚
228 817 297 837 Venet.
311 817 385 843 liquido
398 817 470 838 constat
483 818 550 843 fuiffe,
562 819 621 839 &effe
631 825 686 839 exem
701 825 743 839 tum
753 817 886 843 ajurisdiffio-

200 857 215 868 ‚,
228 849 252 863 ne
266 843 373 868 ordinaria,
386 844 404 864 δε
418 843 529 864 immediate
544 844 647 869 subjeetum
659 845 683 865 Se
696 844 836 870 iApostolicae.
850 843 886 862 Ta-

201 882 215 893 „
228 875 273 889 rnen
287 869 389 889 modernus
404 869 511 889 Patriarcha
528 870 654 897 Venetiarum
673 870 751 890 devotas
769 869 787 889 S.
802 869 826 888 V.
840 869 885 888 Ora-

201 908 216 919 „
229 894 370 914 tricesClaram
377 895 455 915 Donato
462 895 578 915 Abbatissam
590 895 610 915 8<
623 895 670 915 alias
683 895 776 915 moniales
787 893 832 914 dieii
846 900 885 913 mo-

197 932 215 944 v„
229 918 303 939 misterii
317 919 416 948 molestare
426 934 433 945 ‚
446 921 465 941 8<
479 927 547 940 vexare
560 927 601 941 non
613 921 670 941 cessat
682 921 761 941 afferens
779 920 797 940 se
811 919 832 939 in
845 918 885 948 ipso

201 958 216 969 „
230 944 348 964 Mon-asterio
374 950 442 965 natuor
456 946 553 966 Moniales
566 946 644 966 alterius
658 946 772 966 Monasterii
788 945 837 965 sorte
851 950 886 964 mi-

200 983 215 995 „
228 976 264 990 nus
278 970 361 996 recipien
374 977 394 990 as
407 971 425 991 8<
438 971 541 997 condignas
555 971 597 997 ipsis
610 971 729 991 Oratricibus
747 970 815 991 invitis
828 976 885 996 pone-

200 1009 214 1020 „
228 1002 248 1016 re
261 995 312 1015 velle
325 995 344 1016 8<
357 996 401 1021 quia
415 997 490 1017 notorie
503 996 581 1017 constat·
589 997 627 1017 hoc
640 997 692 1017 suiffe
705 997 724 1017 8<
735 997 771 1017 effe
781 1001 848 1017 contra
859 1001 886 1015 te-

202 1034 217 1045 „
229 1027 296 1040 norem
310 1021 404 1042 dierorum
419 1022 489 1042 Privile
503 1022 566 1042 iorum
579 1022 735 1048 Apostolicorum
749 1022 772 1042 de
786 1021 886 1047 exemptis,

203 1059 218 1070 „
230 1046 249 1066 8<
262 1047 417 1072 exemptionibus
430 1029 534 1073 praedignis,
547 1054 568 1068 ae
578 1054 646 1068 contra
657 1048 723 1068 divina
736 1048 755 1068 8<
766 1048 849 1067 humana
860 1046 887 1070 ju-

204 1084 219 1095 „
232 1078 263 1096 ra,
277 1072 376 1101 utnminus
389 1077 446 1097 gratae
460 1072 555 1093 Mulieres
568 1073 587 1094 8(
597 1073 673 1094 diversae
687 1071 887 1101 proseffionisOrdinis

204 1110 218 1122 „
231 1097 249 1117 8<
264 1097 341 1119 habitus
354 1104 426 1124 ponere
439 1098 460 1118 in
474 1098 593 1124 Monasterio
603 1113 610 1124 ,
628 1099 663 1120 ubi
676 1100 767 1125 benignas
780 1104 821 1119 nou
834 1103 888 1121 inve-

225 1139 228 1141 >
806 1136 820 1149 „
830 1128 862 1144 ne-
