954 1333
71 125 124 147 modi
137 126 276 153 intelligentes,
284 131 356 153 quanto
366 127 489 148 succrescenti
496 127 544 148 Urbi
555 127 664 152 adjumento
675 127 748 152 forent,

70 151 83 171 si
94 152 154 181 Cives
166 159 190 173 ex
204 153 260 173 variis
273 153 383 178 regionibus
396 152 482 173 advefios
494 167 499 177 ‚
518 153 536 172 &
550 153 613 173 indole
627 160 649 173 ac
663 153 748 173 moribus

71 183 133 198 varios
145 178 169 198 ad
182 184 271 198 rnutuum
285 179 335 199 inter
349 179 366 198 se
379 179 477 198 charitatis
491 178 589 198 vinculum
609 179 697 204 exemplo
711 185 748 198 ma-

71 202 112 227 gis,
124 209 181 229 quam
196 210 243 224 voce
257 204 385 228 adduxissent,
398 209 458 224 coetus
471 205 561 229 quosdam
576 204 711 228 Sacerdomm,
729 203 749 224 &

70 228 192 249 Clericorum
207 229 340 254 instituerunt,
352 230 441 254 (Veneto
448 230 550 249 vernaculo
556 229 645 255 Chierefie
656 235 750 254 nuncupa-

70 253 152 279 bantur)
165 255 233 280 quibus
245 255 359 280 propositum
372 255 415 275 esset
430 254 479 274 stans
492 255 558 274 diebus
569 254 700 275 defunaorum
712 254 752 274 ani-

71 279 138 307 mabus
151 280 181 305 pie
195 280 289 306 suffragari
301 294 307 304 ‚
325 281 344 300 8<
358 280 438 306 publicis
452 280 620 305 supplicationibus
637 281 662 300 ab
675 286 712 299 una
726 279 749 299 ad

70 304 127 324 aliam
138 305 241 326 Eccleliam
253 306 303 326 ultro
309 306 395 331 citroque
406 305 476 326 habitis
514 306 578 331 pulum
593 306 615 325 ad
629 305 704 331 pietatis
715 305 750 325 flu2

70 329 127 350 dium.
133 331 247 356 accendere,
260 331 403 357 &torpentibus
413 332 436 351 ad
445 338 473 351 res
484 312 542 351 giras
553 331 638 351 stimulos
644 331 751 350 admovere.

97 356 128 375 Ad
142 357 211 376 horum
225 357 284 382 igitur
297 363 383 377 coetuum
397 363 483 377 normam
503 363 554 376 nova
568 357 686 382 postmodum
702 357 752 375 Pres-

71 381 183 409 byterorum
189 382 400 402 saeculariumSodalitia
414 382 486 407 (vulgo
492 382 592 406 fraterne)
606 382 690 401 instituta
697 382 752 405 sunt,

69 407 141 435 quibus
152 413 201 427 curae
214 408 239 427 est
252 408 363 433 opportunis
376 408 467 433 suffragiis
478 408 550 427 animas
562 407 687 432 piacularibus
700 407 752 435 flamf

69 437 108 451 mis
121 432 212 453 cruciatas
225 433 300 457 levare,
314 433 392 458 suosque
403 433 515 453 Confratres
528 433 548 452 in
563 432 705 453 infirmitatibus
724 438 752 451 rei

69 456 169 486 farniliaris
182 458 266 483 angustia
280 459 386 478 laborantes
398 464 514 483 peramanter
528 458 601 482 juvare.
615 457 753 486 Congregatio-

73 488 105 503 ms
123 489 194 503 nomen
212 483 289 509 fingulis
304 484 333 504 liis
352 484 442 504 sodalitiis
460 484 543 503 inditum
563 483 610 507 fuit,
629 490 673 503 cum
686 489 753 503 omnia

68 507 129 528 ferme
142 508 216 528 suarum
228 510 335 535 regularum
360 510 441 529 rooemio
452 509 533 529 habeant
545 509 584 529 haec
591 509 707 534 Evangelica
713 514 754 528 ver-

71 533 96 553 ba
109 533 194 562 praefixa:
207 534 245 554 Ubi
253 534 327 560 fuerint
352 541 374 554 uo
383 548 390 559 ‚
407 533 441 554 vel
453 540 489 554 tres
507 534 527 554 in
541 534 615 554 numine
628 541 667 554 meo
681 540 753 558 tongre-

67 564 112 583 gau
122 572 130 583 ‚
147 558 175 579 ibi
183 559 227 588 sum
237 574 242 580 .
262 560 347 586 Tempus
360 566 416 586 porro
429 566 503 580 certum
514 573 521 584 ,
538 560 557 579 &
570 560 701 585 exploratum,
714 565 753 584 quo

70 584 238 613 Congregationes
249 585 287 605 istae
296 591 360 605 ortum
372 585 474 605 habuerint
482 592 521 604 non
532 585 589 604 ausim
596 585 695 610 affignare.
704 585 753 629 Ἥε

68 615 161 629 omniurn
174 610 313 635 antiquissirria‚
325 610 345 630 8<
357 612 375 630 s.
387 609 456 635 Angeli
468 610 550 634 dicitur,
560 616 586 629 eo
599 610 644 639 quia
655 610 674 629 in
685 610 702 629 S.
740 609 754 628 i-

69 634 144 655 chaelis
155 635 272 660 Archangeli
283 636 377 661 Templo,
391 635 409 656 δε
423 636 483 655 tutela
496 635 517 655 fit
528 649 535 659 ‚
548 634 561 654 si
574 640 657 660 anthuae
671 634 754 654 traditio-

69 660 89 680 ni
99 659 221 681 deferendum
232 660 270 685 est,
281 667 333 681 anno
344 661 431 681 Mcxvu.
445 660 481 681 suit
495 660 589 681 instituta.
603 660 639 681 Sed
663 660 694 680 uia
704 659 753 680 olim

71 691 96 705 ex
115 685 205 706 incendio
222 686 278 712 (quo
290 687 359 707 domus
372 687 425 707 Pauli
439 686 542 707 Benediao
556 686 635 706 Plebani
667 700 671 705 .
685 685 754 706 Mariae

71 711 166 736 Jubenico
180 711 235 736 huius
248 711 408 738 Congregationis
421 712 587 738 Archipresbyteri
601 716 641 732 tota
651 711 755 736 conflagra-

73 736 101 757 vit
113 737 120 762 )
133 736 260 763 antiquiffima
273 737 389 758 fundationis
402 743 527 758 monumenta
541 737 623 762 periere,
637 737 697 757 nolim
711 742 755 756 con-

74 762 153 808 jeflurss
162 768 253 808 tcaptare,
265 769 300 783 nec
313 763 420 789 periculum
433 763 548 783 obtrudendi
561 761 605 783 falsa
618 768 653 788 pro
666 761 716 782 veris
729 766 755 782 te-

73 793 127 808 mere
149 795 160 808 u
175 795 213 808 ire.

100 813 173 833 Ordine
186 814 267 834 secunda
279 813 305 834 est
315 814 373 835 Divae
384 814 450 835 Mariae
462 814 531 835 Matris
541 811 755 838 DominiCongregatio
786 817 790 822 ·

73 844 126 859 anno
136 839 218 859 Mcxxx.
231 840 295 860 mense
309 840 417 860 Novembri
430 840 504 864 erefla,
516 845 537 859 ut
551 839 641 859 testantur
654 838 709 864 ipfius
722 837 756 858 sta-

75 869 130 888 tuta,
142 871 183 890 quae
195 864 262 885 Viaor
274 865 352 885 Gaffaro
366 866 459 886 Plebanus
472 865 554 891 pariter,
566 865 585 884 δι
597 864 756 892 Archipresbyter

74 890 92 909 S.
107 889 176 911 Mariae
189 890 259 911 Matris
273 891 355 911 Domini
368 897 412 911 cum
425 890 498 911 caeteris
509 889 670 915 Congregatioms
683 888 757 917 confra-

74 915 136 936 tribus
148 916 231 936 eorreaa
242 930 249 941 ‚
261 916 280 936 &
293 916 394 937 reformata
407 917 521 942 evulgarunt
539 915 571 936 die
584 920 629 935 vm.
642 914 756 935 Decembris

76 946 127 961 anno
141 941 221 962 Domini
233 942 317 962 Mcccr.

89 966 180 994 ,Statutae
193 967 261 987 deinde
274 967 350 988 fuerunt
363 974 414 987 anno
426 967 496 987 Meu.
509 965 674 992 Congregationes
684 967 702 993 5]-
716 965 757 983 Ma-

58 999 61 1002 >
77 998 107 1012 rtae
118 993 208 1018 Formosa
217 1006 224 1018 ,
242 998 262 1014 at
275 999 299 1013 ue
309 992 418 1013 sanfforum
428 994 546 1017 Hermagorae
562 991 588 1012 Ο
598 993 696 1021 Ρονιῃηαη
707 989 758 1009 Mar-

78 1022 85 1037 t
100 1024 142 1038 rum
152 1033 157 1039 .
177 1019 217 1038 Has
229 1019 266 1039 San
275 1018 345 1039 ovinus
358 1019 379 1039 in
393 1019 426 1039 suo
438 1018 462 1038 de
475 1019 550 1038 Veneta
563 1017 616 1037 Urbe
634 1017 667 1037 lib.
681 1021 720 1041 cap.
728 1015 758 1035 ·de

95 1044 185 1064 uneribus
198 1044 269 1069 asserit,
282 1044 337 1064 simul
350 1050 395 1065 cum
409 1044 482 1064 duabus
495 1042 594 1063 antediffis
607 1042 659 1062 fuiss'e
671 1040 758 1070 fundatas

79 1069 144 1090 eodem
157 1076 222 1094 anno,
235 1071 300 1090 eadem
315 1076 338 1090 ue
352 1070 382 1090 die
395 1075 419 1090 ex
425 1070 498 1095 Legato
504 1068 593 1088 Antouiae
601 1067 705 1090 Massanae,
717 1071 758 1091 quae

78 1093 138 1116 Clero
148 1096 225 1117 Veneto
237 1095 261 1117 iis
274 1095 346 1117 scilicet
359 1100 441 1121 quatuor
451 1093 639 1123 Congregarionibus
649 1090 761 1137 emelqsuised‘

362 1122 365 1124 ·
699 1123 704 1136 i
