954 1333
490 98 600 131 (vm.)

200 134 329 161 confratrum*
340 134 433 165 numero,
446 135 465 160 δι’
478 139 571 166 suffragiis
584 139 686 166 praeficitur
694 133 884 168 stichsprbgbj‘mgp:

201 166 283 191 pellams
293 180 300 190 ,
312 166 365 191 cujus
378 166 464 186 officium
474 180 482 191 ‚
500 171 522 186 ut
535 165 615 187 solemni
628 166 699 186 Veneti
712 165 798 190 Oollegn
816 165 883 194 (f'm

201 189 300 216 Cnllegio)
317 191 390 217 judicio
401 192 498 212 decretum
516 192 543 211 est
556 198 607 212 anno
622 193 675 217 ¹⁶3⁷-
694 190 725 210 die
739 197 768 215 ις.
788 190 838 210 Man
856 190 883 210 ad

200 216 256 236 eleffi
270 216 330 237 vitam
342 217 468 246 protrahitur.
482 217 593 237 Proximum
604 217 628 237 ab
634 216 805 244 Arc-hipresbytero
816 216 885 235 locum

203 241 260 262 habet
276 242 386 266 Maisanus,
398 242 451 267 eujus
465 248 534 262 munus
548 242 570 261 ad
583 241 629 261 anni
643 247 700 261 unius
713 241 811 270 pericnlum
824 240 884 270 ¹reda-

200 266 253 288 aum
266 267 287 287 in
300 274 323 288 eo
338 268 420 288 versatur
431 282 437 292 ‚
455 267 507 293 quod
527 267 611 287 redditus
624 267 786 292 Congregationis
799 272 863 292 exigat
874 280 883 291 ‚

199 298 257 318 utque
270 293 397 313 administret.
411 293 440 312 Ex
454 293 516 318 primo
526 292 706 318 Congregationum
713 291 786 311 Ordine
800 292 885 317 seligun-

200 324 232 338 tur
246 318 342 343 Maffarii,
355 318 445 344 liquidem
459 318 473 338 ii
487 318 632 342 tantummodo,
645 317 678 343 qui
693 317 743 337 inter
757 317 820 337 Partes
832 317 883 338 inte-

214 350 242 364 ras
255 344 415 368 adnumerantur,
428 344 526 369 utriusque
540 343 623 369 suffragii
638 344 665 366 ius
679 343 748 363 habere
757 343 843 368 possunt3
856 350 887 364 rea

208 369 249 394 iqui
263 376 309 389 vero
323 370 376 390 tenui
389 369 479 395 quidem,
492 370 522 389 sed
535 369 600 395 gradui
611 369 739 389 conveniente
750 369 837 389 mercede
848 368 891 389 Dia

201 394 253 415 vinis
265 395 334 415 officiis
348 395 368 415 in
382 395 432 415 bona
445 395 475 421 spe
488 395 596 415 deserviunt
606 408 613 419 ,
630 395 692 414 donec
704 394 768 414 oblata
786 394 886 415 occaiione

203 420 226 440 ad
239 420 307 440 altiora
327 427 490 446 promoveantur,
508 420 558 445 quod
573 427 611 440 non
629 420 718 440 utilitatis
736 420 885 445 tantummodo,

203 445 234 465 sed
248 445 266 465 &
281 446 358 466 honoris
371 446 431 472 gratia
442 446 569 471 expetendum
584 446 618 466 else
629 445 717 469 videtur,
730 451 774 465 cum
785 449 809 465 ex
820 446 885 471 primo

204 471 272 499 ordine
287 472 370 491 Partium
389 472 505 497 integrarum
523 471 560 491 viri
578 471 601 492 ad
619 471 705 497 regimen
723 470 783 491 totius
795 471 885 497 Collegii

204 502 226 516 m
237 497 364 522 affinitatibus
377 498 502 517 assumantur.

228 522 391 542 Primis—instituti
404 523 490 548 Collegii
505 523 622 549 temporibus
640 523 648 549 (
658 528 680 543 ut
690 529 714 543 ex
724 522 803 543 vetustis
813 522 887 544 Sanflae

204 546 273 567 Mariae
287 548 356 568 Matris
370 548 451 568 Domini
465 549 537 569 statutis
550 555 601 569 anno
613 556 665 575 1350.
678 548 799 569 concinnatis
812 549 888 569 instrui-

204 573 265 597 mur)
284 573 442 600 Archipresbyter
461 581 494 600 pro
513 574 549 595 suae
563 574 666 595 voluntatis
684 574 762 594 arbitrio
775 574 887 595 Sacerdotes

202 598 221 618 8<
234 598 322 619 Clericus
335 600 356 619 in
369 600 493 620 Confranum
508 606 608 620 numerum
620 600 724 620 adscribere
735 605 819 625 poterat3
833 606 886 620 anno

178 646 181 648 ‚
204 629 269 644 autern
283 625 367 649 superius
380 625 439 645 citato
452 625 563 646 Confranes
580 632 605 645 ex
618 625 705 645 unanimi
719 625 808 645 consensu
821 625 885 645 decre-

204 654 286 674 verunt,
300 655 320 670 ut
334 650 357 670 ad
370 650 532 676 Congregationis
545 651 659 677 Capitulum
674 651 720 671 novi
733 649 840 671 Consranis
853 650 887 670 ad-

202 674 264 695 miffio
277 675 392 701 pertineret,
406 683 455 696 neve
469 677 519 696 ullus
532 677 566 696 nisi
579 677 602 696 ad
615 676 708 696 Orationis
724 676 805 702 gradum
818 675 886 696 admit-

203 704 288 725 teretur,
300 707 324 721 ex
336 708 374 727 quo
387 702 460 722 Ordine
473 702 546 722 affiduae
559 702 655 722 servitutis
674 702 743 722 merito
760 708 792 727 per
810 702 842 721 sex
854 708 887 721 an-

203 729 238 745 nos
250 726 339 746 exhibito
352 727 375 747 ad
388 727 476 748 altiorem
490 727 557 748 statum
572 727 643 748 Mediae
657 728 716 748 Partis
726 727 834 753 promoveri
845 726 886 752 pos-

203 751 230 771 set
241 765 247 776 ‚
266 752 347 777 indeque
366 752 434 773 iterata
453 753 483 773 sex
498 759 590 773 annorum
604 753 694 773 servitute
707 753 783 773 tandem
794 766 801 776 ‚
814 757 836 772 ut
849 753 887 773 Ra⁴

201 776 256 797 ehele
269 777 340 802 Jacob,
354 778 410 803 primi
423 779 495 799 ordinis
508 779 587 803 decore,
600 779 619 798 8(
632 779 715 799 utilitate
729 777 833 804 potiretur.

229 802 262 831 Iis¹
274 808 338 823 tamen
352 804 399 824 adeo
412 804 480 824 severae
493 804 596 830 disciplinae
604 804 680 830 *regulis
690 818 698 829 ,
715 810 776 830 neque
789 802 886 823 Titulms

202 831 264 856 teneri
278 828 368 849 statutum
381 829 419 854 est,
433 828 700 855 nequeCapellannsCuratos‚
713 830 746 854 qui
760 835 806 849 cum
819 829 840 849 in
850 829 887 849 Ec·

202 852 263 873 clefiis
278 854 419 876 Parochialibus
438 855 556 876 Monialium
574 862 639 876 curam
652 855 760 874 animarum
778 854 803 874 ad
816 859 887 875 nutum

202 879 316 899 amovibiles
322 886 421 900 exerceant
427 894 434 904 ‚
440 881 533 901 Titulatis
544 881 621 901 honoris
627 880 681 900 causa
686 885 832 905 comparantur,
845 886 885 901 non

202 908 267 923 tamen
280 905 368 925 Plebanis
378 919 385 929 ,
398 906 467 931 quibus
480 906 614 926 demandatum
628 912 697 926 munus
716 905 868 926 irrevocabiliter
878 919 885 930 ,

201 928 262 948 donec
275 935 286 949 e
300 930 349 950 vivis
362 931 465 955 excedant,
478 932 594 957 perseverat.
608 932 651 952 Hoc
665 937 729 951 autem
740 931 761 951 in
771 937 885 957 quacunque

200 953 357 980 Congregatione
371 955 458 977 plebanis
476 957 570 982 peculiare
583 962 623 977 erat
634 971 641 981 ,
659 962 680 976 ut
699 957 719 976 in
732 962 847 982 quocunque
860 956 886 976 es-

201 978 242 999 sent
255 980 326 1005 gradu,
339 981 384 1001 dum
398 982 421 1001 ad
435 982 546 1002 Parochiale
559 989 608 1003 onus
620 983 756 1002 assumerentur
767 996 774 1007 ,
787 982 808 1002 in
822 981 885 1008 primo

200 1005 268 1033 ordine
281 1006 379 1027 confestim
393 1008 419 1027 ob
432 1013 528 1033 acceptam
542 1008 655 1037 dignitatem
668 1007 809 1028 collocarentur
822 1021 828 1032 ,
844 1007 885 1033 qui-

200 1035 255 1050 nirno
268 1031 433 1058 congregationes
446 1033 463 1052 S.
477 1033 584 1057 Canciam,
596 1033 615 1053 &
628 1034 646 1053 S.
661 1033 783 1058 Hermagorae
797 1033 834 1052 hoc
849 1039 886 1058 prae

200 1056 273 1075 caeteris
286 1056 305 1076 in
321 1058 436 1078 parochialis
449 1058 509 1078 officii
523 1058 634 1083 obsequium
649 1057 750 1078 statuerant
762 1072 768 1082 ‚
781 1063 802 1078 ut
816 1057 829 1078 ss
843 1058 885 1084 quis

199 1085 223 1099 ex
237 1080 363 1109 Elebanorum
377 1090 459 1103 numero
472 1083 492 1103 in
512 1084 597 1109 ipsorum*
607 1083 674 1103 album
692 1083 768 1103 admitti
782 1088 887 1108 exoraret,

199 1106 290 1126 omnibus
308 1113 342 1132 pro
355 1108 518 1134 Congregationis
531 1109 599 1130 decore
618 1108 760 1135 praehabexetur
773 1109 872 1154 eligetriidus
880 1121 887 1129 .

266 1141 269 1144 -
810 1140 819 1153 o
833 1141 863 1154 em
