954 1333
206 95 312 116 ΒΑΜ-,τι
328 93 444 122 ῙοΛΝΝις
461 101 489 115 in
507 95 648 117 namon.
696 101 736 123 353

85 143 102 159 „·
111 132 168 153 nibus
181 131 199 152 δε
212 132 288 157 singulis
301 131 420 158 privilegiis,
433 132 524 156 indultis,
536 132 701 157 immunitatibus,
714 132 769 153 liber-

86 172 100 184 „
112 158 184 179 tatibus
196 157 215 177 ἃ
228 157 304 183 gratiis,
317 157 359 178 aliis
372 158 491 183 generalibus
505 158 581 182 studiis,
594 158 612 178 8<
623 159 643 178 in
649 158 676 178 eis
685 164 769 178 commo-

86 197 100 209 „
113 184 210 207 rantibus,
224 183 331 208 legentibus
342 197 348 207 ‚
367 184 398 203 vel
412 183 529 204 studentibus
539 198 546 207 ‚
558 183 675 204 Dostoribus
685 198 692 207 ‚
710 183 769 209 magi-

88 223 101 234 „
114 209 167 233 stris,
179 209 198 228 δι
211 209 324 229 scolaribus.
338 215 442 234 eorumque
456 209 608 229 univerfitatibus
622 209 728 235 petSedern
738 215 770 229 au-

88 248 102 260 „
114 234 215 258 unimam,
229 235 260 254 vel
274 234 320 254 alias
333 234 422 254 conceffis
435 234 463 254 uti
477 235 545 264 poffint
556 234 637 260 pariter,
650 235 669 254 8<
680 235 770 260 gaudere.

87 270 102 285 ‚5
115 260 140 280 Et
153 260 245 285 quoniam
263 259 284 279 in
298 260 389 279 Parochia
403 260 519 280 Paroclualis
532 260 619 280 Ecclessae
637 260 655 280 S.
668 260 697 285 Jo·
711 260 772 285 Bapti-

88 299 103 311 „
116 286 146 305 ἢκ
165 285 185 305 in
199 285 278 305 Bracula
292 285 417 305 Venetiarum
430 285 470 305 nati
481 299 488 310 ,
506 286 524 306 8(
538 286 558 305 in
572 286 610 311 ipsa
622 285 706 306 Ecclefia
719 285 771 305 Sacri

90 325 104 337 „
117 310 238 336 Baptismatis
252 311 302 330 unda
312 311 374 331 renati
387 311 498 335 extitimus,
512 311 555 331 ideo
581 317 602 331 ro
616 311 671 337 ipssus
685 310 772 331 Ecclefiae

89 350 103 362 „
116 337 184 357 decore
197 337 216 357 &
230 336 287 356 nostri
300 336 441 357 reminiscentia
454 337 553 357 DileEtum
582 337 629 357 lium
646 337 665 357 8<
678 343 712 362 pro
725 341 773 356 tern-

86 376 101 388 „
114 368 160 388 pote
173 362 285 382 existentem
299 362 354 387 ipfius
368 362 455 382 Ecclesiae
468 362 570 382 Reflorem
581 362 725 382 Cancellatium
739 362 774 382 stu-

88 402 102 414 „
116 388 161 412 dii,
174 387 193 408 8<
206 387 337 408 universuatis'
352 388 461 408 earumdem
474 394 519 408 cum
534 388 652 412 honoribus,
664 387 755 407 oneribus
766 400 774 411 ‚

87 428 102 440 „
115 414 134 434 8<
147 413 283 434 emolumentis
296 413 391 433 consuetis
404 414 427 433 ad
446 413 503 433 instar
516 413 597 433 aliorum
616 413 721 433 studiorum
734 412 776 432 uni-

90 451 104 465 ‚‚
118 438 219 459 versalium
232 444 288 459 motu
297 453 303 463 ‚
322 439 341 459 8<
353 438 466 459 auctoritate
485 438 576 464 praediffis
589 439 658 459 harum
671 438 717 458 serie
731 438 775 458 faci·

90 477 106 490 ,7
118 471 160 484 mus
170 478 177 488 ‚
195 464 340 489 constituimus,
358 464 377 484 8<
390 464 450 484 etiam
464 465 589 490 deputamus,
602 471 642 484 non
655 463 774 484 obstantibus

89 502 105 516 ,‚
117 490 297 514 constitutionibus,
309 490 329 510 ἃ
341 490 494 510 ordinationibus
506 490 619 515 Apostolicis
627 503 635 513 ‚
647 496 669 509 ac
682 489 734 514 quod
747 489 775 508 di-

89 527 105 541 „
118 515 159 536 &us
170 515 240 535 Reflor
252 516 273 536 in
286 515 350 541 aliqua
363 515 456 540 dignitate
470 515 599 539 Ecclesiastica
611 514 724 535 constitutus
735 520 776 534 non.

90 553 106 566 ‚‚
119 541 141 561 fit
154 541 216 561 caeteri
240 547 263 561 ue
276 540 376 561 contrariis
389 540 551 565 quibuscumque.
565 540 621 560 Nulli
635 546 681 565 ergo
694 539 776 559 omnino

90 580 106 592 „
119 566 220 586 hominum
243 566 291 586 iceat
305 566 355 586 hanc
368 565 457 591 paginam
471 565 537 586 nnstrae
555 565 656 586 erefflonis
669 564 734 585 statuti
747 571 776 585 or-

90 605 106 617 „
119 591 223 612 dinationis
236 591 255 611 8<
268 591 396 616 deputationis
409 591 511 617 infringere
525 591 556 611 vel
567 591 612 611 ausu
623 590 725 611 temerario
732 596 778 610 con·

92 631 107 643 „
120 617 187 637 traire.
201 616 221 636 Si
231 616 273 642 quis
286 622 352 637 autem
364 616 402 637 hoc
412 622 506 637 attentare
519 616 650 646 presumpserit
663 615 778 642 indignatio-

90 656 107 668 „
120 649 166 663 nem
179 642 323 668 omnipotentis
336 642 375 662 Dei
388 648 410 662 ac
423 642 459 663 BB.
473 643 537 668 Petri,
549 642 569 663 8<
579 642 633 662 Pauli
639 641 775 668 Apostolorum

91 682 108 694 „
121 668 161 694 ejus
173 668 193 689 se
205 667 282 689 noverit
295 668 425 689 incursurum.

117 732 132 744 „
145 720 219 740 Datum
232 720 300 740 Rornae
313 720 362 746 apud
375 720 393 740 S.
407 720 485 741 Petrum
498 721 557 741 Anno
567 718 778 740 Incarnat.Dornini'cae

119 757 134 769 η
200 752 252 771 ¹470·
269 747 296 765 18.
309 746 353 766 Kal.
365 746 440 771 Ianuar.
454 745 578 767 Pontificatus
591 745 650 765 nostri
663 751 714 764 anno
720 749 756 763 vn.

108 794 189 829 Ordo
209 795 386 824 Plebanorum
410 796 528 824 Ecclefiae
550 794 636 824 Sanffi
657 781 762 831 Ioannis

277 835 396 878 Baptistae
418 836 446 864 in
467 838 598 877 Bragora.

92 898 152 922 '1178.
165 897 232 918 Petrus
245 897 335 918 Melino.
348 898 380 918 Ex
392 898 468 919 Chron.
481 898 556 919 Marini
569 897 637 919 Sanuti
649 896 686 918 col.
702 902 743 922 5²3·
759 895 780 916 δα

199 929 223 944 ex
236 923 324 944 Archivo
337 923 436 944 Ecclefiae.

99 950 155 967 1206.
168 948 264 969 Henricus
277 949 301 969 de
315 949 394 969 Priolis.
408 949 439 969 Ex
452 948 512 970 Arch.
524 949 578 970 Eccl.

97 979 155 993 1211.
169 972 274 995 Matthaeus
287 974 425 995 Martinacius.
438 974 469 994 Ex
482 974 541 995 Arch⁴
554 974 608 995 Eccl.
723 979 728 981 ·
765 977 771 980 ’“

97 1005 154 1023 1217.
167 998 250 1024 Ioannes
262 999 363 1026 Benigno,
375 1000 429 1025 cujux
439 1005 524 1026 tempore
535 1000 612 1026 Corpus
621 999 638 1019 S.
644 998 722 1024 Ioannis
727 997 783 1018 Elee-

199 1024 304 1050 mosynarii
322 1025 428 1051 prodigiose
446 1026 469 1045 ad
483 1025 585 1046 Ecclesiam
599 1025 683 1045 delatum
696 1024 732 1044 est.
751 1024 782 1052 Ep:

201 1050 346 1096 vizzaejusdem
359 1051 435 1097 {anffiE
441 1051 510 1097 sc¹ripta
523 1057 556 1077 per
569 1051 660 1071 Rochum
677 1050 700 1071 de
713 1050 782 1070 Brunts

260 1083 308 1096 num
321 1083 361 1102 ejus
373 1084 405 1097 em
436 1083 458 1097 cc
466 1091 471 1096 .

100 1106 158 1126 1²31·
170 1099 214 1126 Rap
240 1101 259 1122 el
272 1101 336 1123 'riute
349 1102 396 1123 Not.
409 1102 440 1123 Ex
452 1102 520 1128 regitis
533 1102 626 1127 eiusdem.

122 1144 125 1148 ,
151 1127 249 1152 Τοηι.ΙῙζ,
513 1127 551 1153 Yy
705 1132 759 1151 1297.
