954 1333
244 100 287 125 306
366 98 734 123 DsMouAsrsxgo

230 147 244 157 „
256 133 326 158 Joanni
338 133 403 152 Lando
416 132 532 157 Hieronymi
545 132 586 152 filiu
597 146 604 156 ,
616 133 698 153 Antonii
712 133 736 152 D.
750 131 814 152 Marci
827 132 881 152 Proe.

207 172 222 183 ‚‚
233 158 297 182 fiatri,
310 158 396 178 Sei-mori
409 157 567 183 praestannffim,
581 158 662 183 pietate,
675 158 779 183 religione,
792 157 883 177 innoeen-

203 197 218 208 „
230 183 257 203 tia
270 184 308 203 late
321 183 418 208 cospieuo.
432 183 462 202 Ex
474 183 542 208 opibus
555 183 592 203 suis
605 183 655 205 nihil
669 183 715 207 fibi,
727 188 792 208 przter
806 182 834 207 ius
847 182 883 201 lar-

203 222 221 234 „
231 209 295 234 giendi
308 208 396 229 indulfit.
413 208 457 228 Den
475 208 555 232 affidne,
568 209 586 229 &
606 209 671 228 Patriae
689 208 791 228 inserviens
809 207 882 233 optime

203 247 221 258 „
230 234 310 254 meritus
319 247 327 258 ‚
344 234 428 254 maxima
440 239 504 254 tamen
522 234 582 254 animi
601 234 731 254 moderatione
744 234 767 253 ad
786 234 883 253 honorum

203 272 217 284 ‚,
229 259 314 279 culmina
327 259 434 285 capessenda
444 273 452 283 ‚
469 259 610 285 sustinendaque
629 266 668 279 non
681 259 714 279 fibi
725 273 732 283 ‚
750 259 781 278 sed
794 258 883 278 fratribus

202 297 217 309 „
229 285 303 305 summo
317 291 364 309 aere,
377 291 398 304 ac
412 285 476 305 labore
486 284 513 304 est
525 284 647 310 suffragatus,
660 285 693 310 qui
707 285 738 304 sex
751 283 881 309 pulcherrimo
899 288 901 291 ·

202 323 217 334 ,,
229 310 306 330 familia
324 310 440 330 documento
458 316 495 329 una
508 310 645 334 concorditer,
661 316 717 335 atque
736 310 783 329 adeo
801 308 883 328 feliciter

186 336 188 338 “
203 348 217 359 „
229 335 312 361 longaevi
327 336 402 356 vixere.
415 335 547 360 Hieronymus
557 336 622 355 Lando
628 336 691 361 Eques
704 341 771 360 magna
784 334 824 359 ejus
838 333 883 353 libe-

202 373 218 384 „
230 361 304 381 talitate
321 360 386 381 amitus
400 361 472 386 paterni
491 360 551 381 animi
564 367 623 386 parvo
642 360 750 386 ingentium
768 359 882 379 meritorum

203 398 217 410 ς,
229 386 259 406 exi
274 392 321 406 uum
334 386 378 406 Hoc
392 386 421 406 M.
435 386 461 406 D.
474 385 530 406 Vixit
543 387 594 406 Ann.
607 387 681 406 Lxxm.
695 386 767 406 M.v11.
780 385 818 405 Ob.
825 389 883 404 xvnt.

204 423 218 434 „
230 412 272 431 Ka.
283 412 327 436 Jan,
341 412 460 431 Mncxxxvr.
547 412 549 414 ’

228 450 242 460 ,,
254 437 296 456 Hos
310 437 377 456 habuit
390 437 463 456 cultus.
476 436 547 456 Vitalix
560 437 625 457 Laride
638 436 754 462 Hieronymi
768 435 831 460 filius,
844 436 884 455 An-

206 473 221 484 „
233 461 282 481 tonii
302 462 397 482 Procurat.
412 462 486 482 Frater.
499 461 533 486 qui
546 462 638 482 inoffenso
651 462 709 487 gradu
724 468 757 487 per
769 467 837 481 omnes
851 460 884 480 ho·

204 499 218 509 ,‚
231 492 286 506 nores
299 487 374 507 vetitus,
387 486 489 507 consiliarii
502 493 582 507 munere
595 494 634 507 non
648 487 706 507 semel
719 486 795 510 anetus,
809 486 883 505 Patavi-

204 523 217 535 .‚
230 518 254 531 na
268 512 378 532 Praeseetura
391 512 484 538 praecipue
496 512 577 532 enituit.
589 512 667 533 demum
681 511 801 532 acerbiffimis
814 511 883 531 articu-

203 549 217 560 „
229 536 292 557 lorum
305 537 415 561 doloribus,
427 544 438 557 a
464 536 532 557 ublicis
545 537 595 558 curis
608 537 711 562 αδάυόὶυς,
723 543 768 558 curn
781 536 825 557 0610
834 550 841 560 ‚
860 542 882 556 ac

204 574 218 585 „
232 562 327 587 sexaginta
339 569 399 582 annos
412 568 447 587 exp
456 563 499 582 effet
509 576 516 587 ‚
534 563 656 583 mortalitatis
668 563 764 588 reliquum
782 562 803 581 in
816 567 881 581 eremo

171 590 173 592 ·
206 599 220 610 „
232 587 406 607 Camaldulensmm
420 588 443 607 ad
453 588 512 608 colles
517 588 617 613 Euganeos
628 588 704 608 humari
714 587 823 611 mandavit,
836 586 883 606 Hie-

204 624 218 635 „
231 618 322 637 ronymux
339 613 404 633 Lando
416 613 480 638 Eques
493 610 562 633 Patrun
580 614 601 633 B.
613 614 643 633 M.
655 613 791 639 cenotaphium
810 611 884 638 posuit.

205 649 219 661 „
232 637 314 658 Deceffit
327 644 377 659 anno
390 638 496 659 Mncxxxz.
510 639 625 659 NonoKal.
635 639 729 659 Decemb.

802 1118 858 1149 Nico-
