954 1333
372 482 442 509 DE

14 568 66 609 χ
105 529 707 588 MO'NASTERIO

38 610 229 664 SANCTI
245 612 357 647 DAN
359 612 477 647 IELIS
493 611 769 647 PROPHETAE.

166 680 217 700 Bsns
223 680 353 700 Ferdinandus
358 680 436 705 Ughell.
451 680 534 700 Tom.v.
548 680 640 701 ItaLSac.
649 680 686 701 col.
695 681 747 701 1128.

180 705 200 724 in
215 705 327 725 Pan-iarchis
341 705 466 725 Gradenfibus
480 706 518 725 duo
529 706 647 726 confundens
654 705 749 725 Monaste-

179 730 207 749 ria
217 730 388 751 aCissercienfibus
396 731 498 751 Mon-achis
510 731 558 751 olim
568 732 655 755 exculta,
681 738 750 751 uorum

179 762 239 775 unum
254 756 274 775 in
288 756 352 776 littore
360 756 435 780 Ρίηέὶο,
448 757 480 776 seu
491 756 558 776 Pineto
568 756 587 776 in
599 757 666 776 Dioece
675 763 681 776 ι
691 757 750 781 Equi·

62 781 106 800 lina
148 781 203 800 situm
217 781 250 801 sub
265 781 303 801 'ure
318 781 448 801 Patriarchalis
462 781 549 801 Ecclefiae
560 781 658 802 Gradenfis
672 782 750 801 vocaba-
765 786 767 788 ·

63 811 98 826 tur
127 820 132 825 .
148 806 243 831 Georgius
269 813 280 826 e
299 806 378 830 Pineto,
395 807 475 826 alterum
495 806 515 826 in
529 807 581 826 Urbe
596 807 669 826 Veneta
683 807 750 826 Insulae

61 836 113 851 tunc
129 831 237 851 Olivolenfi
252 832 310 851 modo
322 831 434 851 Castellanae
452 831 506 851 difiae
524 832 622 856 adjacens,
640 838 695 857 atque
709 832 752 851 oli-

62 857 142 877 volenfi
158 857 250 882 Episcopo
264 856 367 881 subjefium
386 857 404 876 S.
418 857 505 877 Danielis
519 858 614 877 vocabulo
631 858 752 882 nuncupaba-

62 887 108 906 tur,
125 882 168 902 haec
181 883 204 901 de
218 882 288 902 Veneti
302 882 395 902 Coenobii
408 882 483 908 origine
496 882 559 902 affert:
573 883 586 893 “
597 883 645 902 Hoe‘
654 882 692 902 fere
706 888 752 902 tem-

60 912 75 932 5,
90 914 142 934 pore
157 908 164 932 (
175 914 225 927 anno
238 908 309 932 ¹157·)
322 908 428 932 Hemicus,
442 907 499 927 tantis
514 908 618 928 honoribus
630 909 656 928 ab
667 908 752 928 Adriano

60 946 76 958 „
90 936 200 953 exornatus
213 933 312 953 ecclefiam
327 933 344 953 S.
358 933 436 958 Georgii
451 933 470 953 in
485 933 549 953 littore
562 933 628 953 Pinao
642 933 661 952 in
675 933 713 958 ipsa
725 940 753 953 ur-

60 972 76 983 „
92 957 118 978 be
137 958 275 982 venetiarum,
288 958 377 978 Gradenfi
390 958 477 978 Ecclefiae
491 958 592 983 subjeelam
602 958 676 978 divitiis
689 959 753 982 auxit,

60 997 76 1008 „
90 990 156 1009 quam
169 989 225 1003 antea
238 983 393 1004 Cistercienfibus
407 984 511 1004 Monachis
524 985 546 1003 ad
560 984 706 1004 construendum
717 990 753 1004 coe-

60 1023 76 1034 ‚‚
92 1009 180 1029 nobium
195 1009 285 1034 elargitus
298 1009 370 1033 fuerat,
383 1009 487 1029 constituto
501 1009 572 1029 ibidem
581 1010 657 1030 Abbate
671 1009 753 1029 Daniele

61 1048 77 1059 „
93 1034 178 1054 Melina
192 1034 236 1054 viiae
250 1034 384 1059 sanstimonia,
397 1041 418 1055 ac
432 1035 531 1060 prudentia
544 1035 587 1054 viro
601 1035 673 1055 nobili:
686 1035 707 1054 in
722 1041 754 1054 cu-

62 1073 78 1084 „
93 1060 249 1084 jusnhonorem,
262 1060 281 1079 δι
294 1060 406 1081 memoriam
421 1060 509 1080 Ecclefiae
523 1061 540 1080 S.
547 1060 635 1080 Danielis
641 1059 709 1086 posteri
720 1067 752 1080 no-

62 1099 78 1109 „
92 1091 147 1104 men
156 1085 231 1105 secere.
245 1085 324 1110 joannes
339 1086 419 1106 Polanus
430 1086 532 1114 Episcopus
538 1085 668 1110 Castellanus,
682 1085 752 1105 Danie-

61 1124 77 1135 ‚,
91 1110 108 1131 li
125 1110 154 1130 ob
168 1110 312 1131 similitudinem
325 1117 401 1132 morum
415 1117 487 1131 amicus
497 1125 504 1136 ,
522 1111 583 1131 multa
597 1112 657 1136 bona,
670 1112 697 1131 'ac
710 1117 763 1136 prz-¹
775 1119 777 1121 ·

100 1137 179 1156 *Tum
188 1137 219 1156 1V.
504 1136 521 1156 X
673 1150 687 1161 „
697 1136 727 1156 dia
