954 1333
487 88 584 118 (ιν.)

186 134 223 154 qua
236 129 308 155 ratione
321 127 342 149 In
348 126 479 154 Collegiatas,
489 133 545 153 prout
558 128 591 148 vul
606 127 612 148 i
626 128 713 149 sermone
726 133 869 155 nuncupantur,

185 153 293 178 evafiffenq
319 154 351 174 uid
364 153 403 174 sibiv
412 153 473 174 velint
483 153 573 179 Collegia
587 153 593 173 i
610 153 662 178 haec,
680 154 712 174 seu
722 160 743 174 ut
755 161 824 175 vocant
835 154 868 175 Τι-

186 180 292 200 tulatoriim
324 180 396 205 apicula
406 193 413 204 ‚
431 179 450 199 8<
462 179 531 204 quibus
545 179 617 199 devexa
634 179 693 199 etiam
708 185 761 200 aetate
774 185 851 206 pateant
861 193 869 204 ,

184 210 233 233 quos
248 205 299 225 viros
312 206 344 226 vel
355 205 437 231 pietate,
451 204 482 224 vel
493 204 608 230 dignitatum
620 204 717 230 splendore
728 206 788 225 claros
799 206 868 226 habue-

147 237 149 240 ⁴
183 235 238 254 rint,
249 231 348 257 quomodo
361 231 399 256 ipsa
425 236 445 249 er
458 229 476 249 se
490 230 622 250 Dioecesanam
635 230 735 256 Synodum
754 231 868 254 efformem,

185 260 243 281 atque
257 256 384 277 constituant.
397 236 449 276 dinc
463 255 491 275 rei
504 255 618 280 exponendae
632 255 645 275 fi
659 262 691 280 par
703 255 788 281 fuiffem,
801 256 867 281 utique
897 265 900 270 ¹

183 280 267 302 elerum
277 281 381 302 univerlim
391 281 487 301 Venetum
498 281 568 309 quippe
580 287 604 300 ex
618 280 648 301 his
658 281 754 306 Collegiis
764 282 869 308 conflatum

183 305 313 331 ilfflstraffem,
326 312 358 326 aut
373 306 415 326 aliis
426 306 507 330 saltem,
520 306 553 331 qui
567 306 626 325 nitide
641 306 783 332 praestanterque
801 307 868 327 scribe-

183 337 241 356 rent,
253 332 346 358 suppetias
359 332 450 352 tulissem.
464 331 501 351 Sed
514 331 616 357 susceptam
630 332 688 354 alacri
699 332 766 352 animo
776 339 817 353 rem
828 339 868 358 per-

183 356 292 387 severanter
305 363 371 384 urgere
384 364 423 378 non
436 357 507 383 potui,
517 363 541 377 ex
554 362 724 377 monumentorum
737 357 811 378 defeau
821 371 828 383 ‚
841 363 867 378 at-

185 387 223 407 que
237 389 270 403 ιηο
284 390 312 403 ia.

210 390 310 433 Quoniam
324 414 370 428 vero
383 408 432 428 tanti
451 409 500 434 apud
518 414 549 429 me
562 407 589 428 est
601 408 672 429 Clerus
683 408 769 429 Venetus
779 422 786 433 ‚
799 408 867 434 quanti

183 432 221 455 esse
234 433 302 458 debet,
315 438 337 454 ut
350 433 398 454 meis
411 433 461 454 votis
474 434 538 463 aliqua
551 434 617 454 saltem
630 440 654 454 ex
667 439 719 459 parte
737 434 848 454 satisfaciam
859 448 867 459 ‚

183 457 237 483 juvat
251 459 283 479 hic
296 458 418 483 subneftere,
430 466 472 485 quae
485 459 533 479 scitu
547 459 633 485 digniora
647 459 690 479 sunt
703 459 754 480 circa
768 460 867 485 Presbyte-

181 489 250 504 romm
263 484 387 505 Szcularium
399 484 565 510 Congregationes
574 498 581 508 ‚
599 491 641 510 quae
654 490 725 505 noveru
738 485 819 505 omnino
832 491 866 505 nu-

181 514 282 530 merantur
293 525 298 530 .
316 510 389 531 Earum
403 510 461 535 igitur
474 514 557 534 ortum:‚
574 510 593 530 8c
607 509 707 535 privilegia
724 516 748 530 ex
761 510 866 531 certiffimis

182 534 304 556 documentis
317 535 403 561 profero.
416 536 485 561 Neque
498 541 545 555 vero
557 535 656 560 quisquam
669 535 771 556 arbitretur
781 536 867 562 Congre-

167 563 169 565 ’
197 559 269 580 ationes
283 561 393 586 hujusmodi
403 560 485 581 Clerum
491 561 589 580 Venenum
601 560 762 586 reprehesentare‚
775 567 820 581 cum
833 562 867 581 suo

190 590 202 604 e
218 585 310 607 arbitratu
321 600 328 610 ‚
346 593 367 607 ac
381 586 509 612 peculiaribus
527 585 601 611 legibus
618 592 734 612 unaquaeque
753 592 805 612 regat
815 600 822 611 ‚
840 593 863 607 ac

182 611 302 631 moderetur:
315 611 335 631 ἃ
347 618 413 631 earum
425 611 521 635 Praesides,
534 617 583 636 quos
593 611 651 631 Archi
675 612 772 637 esbyteros
785 617 868 636 vocant,

180 634 299 657 Dioecesauae
309 637 388 662 Synodo
401 637 408 662 (
419 636 453 656 nisi
471 636 520 656 forte
538 636 577 656 alio
596 636 626 656 vel
641 637 718 657 Pebani
737 636 767 656 vel
781 637 866 656 Titulati

181 661 273 686 nomine)
284 668 323 684 nou
333 661 431 687 interfiat,
442 662 505 682 multo
511 662 574 682 minus
580 662 666 683 subsellia
690 661 751 688 ropria
756 661 866 682 obtineant.

207 686 274 713 Itaque
287 693 408 714 compertum
425 687 452 707 est
465 687 553 708 Venetiis
566 687 628 708 adhuc
647 669 766 708 naigentibus
780 694 820 708 rem
839 688 866 707 sa-

178 717 232 732 cram
238 713 371 734 administrass'e
382 714 433 734 solos
442 713 537 734 saeculares
545 713 678 739 Presbyteros‚
701 719 770 733 uorum
780 713 867 738 primum

179 736 233 758 fuisse
247 739 350 764 quemdam
364 739 449 759 Felicem
462 739 541 759 nomine
554 745 578 758 ex
589 739 675 759 Danduli
721 738 787 758 ronico
800 739 834 759 lib.
845 745 864 758 v.

179 768 221 788 cap.
228 769 241 783 ι.
255 770 301 789 part.
307 770 325 784 x.
338 764 463 785 addiscimus.
476 764 559 784 Primam
573 764 607 784 ille
618 764 707 792 Veneriis
718 764 754 784 sub
763 764 788 784 D.
799 764 866 789 Jacob}

177 787 264 813 Maioris
275 789 398 810 invocatione
411 789 516 810 extruciam
527 789 642 813 Ecclesiam,
656 796 676 808 m
689 796 712 809 ea
719 791 866 814 prosacramm·

178 813 205 833 tis
214 813 345 859 Ecclfeasticis
357 814 466 835 exhibendis
478 815 575 840 deputatus
588 814 668 840 piissime
681 814 730 835 rexit
740 828 747 839 ‚
761 814 831 840 aliique
841 820 865 835 ex

176 839 222 859 aliis
235 846 259 865 po
289 840 345 860 illum
359 847 392 866 per
405 840 459 866 plura
473 840 539 861 sarcula
549 854 556 864 ‚
568 839 702 868 auetoqtamen
716 840 788 859 interea
802 840 864 860 Parne-

179 863 255 884 ciarum
261 871 353 891 numero,
364 871 420 891 prout
431 872 455 886 ex
465 865 585 886 affluentium
592 865 675 890 und1que
686 865 801 891 populorum
809 865 865 891 copie.

174 888 265 910 Venetiae
278 891 339 917 magis
352 891 449 917 magisque
462 891 580 911 incrementa
593 890 693 915 capiebant
702 904 710 915 ‚
726 890 821 916 novisque
833 897 863 911 ac-

175 915 225 936 colis
239 916 284 936 novi
297 916 391 942 Pastores,
403 917 438 943 qui
448 923 511 937 rerum
522 915 632 936 divinarum
642 922 707 936 curam
718 922 819 941 gererent,
831 917 863 937 de-

174 939 295 963 stinabantur
305 956 311 962 .
331 943 390 963 Porro
408 949 443 963 cur
461 942 497 962 soli
511 941 618 966 Presbyteri
632 941 728 961 saeculares
741 941 764 961 ad
778 941 861 962 Vineam

173 964 258 986 Domini
264 967 363 988 colendam
373 973 418 988 tunc
429 966 521 993 temporis
526 966 662 987 adhiberentur
669 981 676 991 ‚
688 967 725 987 hoc
735 971 775 987 erat
786 966 807 986 in
818 973 862 987 cau-

175 991 208 1016 sa,
219 992 270 1018 quod
281 993 381 1019 Religiosae
393 992 547 1013 Mendicantium
554 1006 561 1016 ‚
573 992 592 1012 &
602 992 724 1021 elericorum
734 992 763 1012 Re
778 992 860 1012 ulariurn
886 1003 888 1005 -

174 1016 253 1038 familia
266 1019 352 1039 nondum
365 1019 423 1039 essent
436 1023 518 1042 exonae3
532 1018 604 1038 Monac
653 1024 699 1042 ero,
711 1018 745 1044 qui
766 1018 827 1046 aeculo
838 1017 862 1038 X.

174 1042 194 1063 8<
204 1043 238 1063 XI.
251 1044 287 1065 hac
301 1044 345 1065 illac
358 1043 379 1064 in
393 1043 462 1064 Infulis
475 1044 555 1064 Venetis
568 1044 607 1063 Coe
678 1043 770 1067 fixerant,
780 1043 814 1062 fibi
828 1049 860 1068 po-

172 1068 224 1093 tius,
237 1075 294 1094 quam
304 1069 348 1089 aliis
358 1069 464 1093 vacabant,
477 1075 512 1089 nec
524 1068 620 1095 proximos
633 1069 657 1089 ad
670 1069 762 1092 salutem,
775 1067 810 1088 nisi
821 1075 861 1094 pre-

173 1093 240 1120 cibus,
252 1095 272 1116 ὃς
283 1100 362 1116 morum
372 1094 576 1124 exemplisjuvabant.
589 1095 665 1116 Interea
676 1093 784 1120 Presbyteri
798 1093 861 1123 hujus-

778 1119 832 1141 modi

842 1147 854 1159 Ο
