954 1333
681 101 723 123 237

80 137 134 154 metu
145 130 209 152 servili
221 132 339 156 commovit,
352 136 375 151 ut
386 137 408 151 ea
420 137 457 157 qua
470 131 566 152 sinebatur
578 132 638 152 animi
651 132 758 158 tranquilli-

79 163 121 178 tatev
130 158 151 177 81>
162 157 227 180 laetitia
240 158 315 183 penitus
326 157 400 177 detrusa
413 157 431 176 8<
444 157 533 181 sublata,
551 158 595 178 inde
607 158 682 183 caeperit
701 158 755 179 vanis

78 183 148 208 agitata
161 182 264 203 terroribus
277 183 316 203 dies
329 182 428 211 nossesque
441 182 462 202 in
475 183 531 203 fletus
541 182 635 203 insumere
644 198 649 203 .
667 184 757 203 internas·

53 231 57 233 ,
79 208 138 228 animi
157 208 247 233 proeellas
260 208 356 228 Sacerdoti
375 207 408 227 sibi
421 214 432 227 a
445 207 590 228 conreffionibus
603 208 694 228 destinato
712 208 755 228 dili-

80 238 146 259 genter
158 233 251 258 exposuit,
264 233 297 259 qui
310 240 355 253 curn
369 233 435 253 iisdem
449 232 507 253 ferme
520 233 609 254 fluetibus
622 239 708 258 ageretur
721 233 757 253 mi-

81 265 117 279 nus
130 258 218 283 prudenti
230 258 328 284 colloquio
341 258 361 278 id
374 257 470 284 praessiffl,
483 264 504 278 ut
519 258 587 278 vulnus
600 259 650 284 quod
669 259 757 284 mitigan-

81 284 126 304 dum
140 289 191 307 erat,
204 284 318 308 exasperaret
330 298 334 303 .
354 284 419 308 Itaque
436 283 490 303 omni
504 282 606 304 hominum
624 284 655 309 spe
668 283 757 303 destituta

82 309 100 329 se
106 309 124 328 se
129 309 153 329 ad
163 309 254 333 orationis
261 309 361 333 subsidium
372 309 479 332 convertit,
492 309 536 329 Deu
557 315 594 335 que
605 308 673 329 assidua
682 308 756 329 ferven-

84 334 136 359 tique
168 341 209 354 rece
227 334 306 358 oravit,
325 340 345 354 ut
364 334 377 354 st
396 334 451 360 ipsius
469 315 651 354 afflatunimrridurn
669 334 712 354 vitae
726 340 757 359 ge-

82 366 118 380 nus
131 360 151 379 su
160 360 234 385 cepisset
247 374 254 384 ‚
272 366 302 379 eas
320 359 389 379 mentis
402 360 488 380 tenebras
501 359 533 379 sua
547 359 664 385 benignitate
678 359 757 379 discute-

80 390 110 405 ret
120 398 127 409 ,
145 391 169 405 ne
183 384 294 405 tentationis
312 385 385 410 impetu
398 384 500 413 defatigata
512 385 536 405 ab
554 384 635 410 incaepto
648 384 741 404 desisteret
751 398 757 405 .

81 410 165 430 Nutanti
178 410 242 435 itaque
255 410 349 435 Virgini,
367 410 386 430 ἃ
398 410 422 430 de
435 410 541 435 abjiciendo
559 410 652 430 severiore
670 409 761 430 instituto

80 435 119 460 jam
133 435 225 460 cogitanti
237 440 376 461 peropportune
394 435 455 455 radius
468 435 546 455 Divinae
565 435 656 455 bonitatis
673 434 742 458 affulsit

81 460 134 484 cujus
149 460 242 480 beneficio
256 467 299 483 non
312 460 373 480 solum
391 460 411 480 in
425 460 519 486 propofito
537 460 648 481 confirmata
665 459 713 484 fuit⁷
727 460 737 479 s
746 448 761 479 εἰ

80 486 99 505 &
113 485 133 505 in
146 485 214 505 caeles'ti
227 485 311 509 doetrina
325 485 438 506 mirabiliter
450 485 498 505 adeo
510 485 618 509 illustmu
637 490 658 504 ut
670 486 709 510 jam
723 484 759 505 Di-

73 511 127 531 „vina
140 510 227 536 mysteria
245 517 269 531 ex
282 510 343 530 infusa
355 510 389 530 fibi
402 510 488 532 sciential
498 516 537 530 non
550 510 614 530 minus
626 516 684 536 quam
703 516 727 530 ex
739 509 760 529 fi-

73 536 106 555 'de
119 536 244 561 agnosceret,
261 536 280 556 8<
293 535 392 556 fateretur.
412 535 498 561 Virginis
510 534 590 555 vie‘toria
608 535 627 555 8<
640 534 724 560 profeau
737 534 759 554 in

78 561 156 581 *rabiem
174 561 226 581 aetus
244 561 320 581 Satanas
338 561 372 581 sub
395 561 488 581 horrenda
511 560 571 586 specie
594 560 687 580 teterrimi
705 566 760 580 mon-

81 585 115 605 stri
127 586 201 605 fumum
215 586 317 611 ignemque
330 591 353 606 ex
366 586 427 606 oculis
440 586 458 606 ἃ
471 591 504 606 ore
518 586 613 606 vomentis
625 585 687 611 specie
699 585 718 605 ei
728 591 760 611 ap-

79 610 155 636 paruit,
168 617 191 630 eo
204 610 257 630 inani
270 610 349 631 consilio
359 625 366 635 ,
384 616 405 631 ut
418 611 476 631 subiti
494 611 570 631 terroris
587 616 641 631 metu
653 610 736 636 perculsa
749 616 765 630 e

81 635 131 655 turri
144 636 163 655 se
176 636 291 661 praecipitem
305 636 369 660 ἅπαις
382 642 449 656 verum
463 636 522 656 unico
534 636 604 656 Crucis
617 636 681 661 ligno,
706 642 731 655 uo
741 635 760 655 se

79 661 100 681 se
113 660 234 686 Archangela
253 661 273 681 in
291 661 353 682 fronte
371 661 474 687 fignaverat
493 661 573 688 turpiter
591 661 652 681 vidus
665 667 694 687 ¹au
703 660 761 686 ugit.

80 686 140 706 Hisce
153 686 213 711 igitur
226 687 353 706 tentationum
391 687 456 707 riculis
469 687 508 707 Dei
521 694 557 713 ope
570 687 640 707 emersa
651 687 762 711 Archange-

81 711 100 731 la
115 712 195 736 majores
207 711 293 737 quotidie
306 693 400 732 efficieffit
414 712 434 731 in
448 712 534 738 religiosa
552 711 665 738 perfeffione
679 711 761 737 progres-

81 736 126 760 su53
139 743 162 756 ne
175 742 239 757 autem
253 742 310 762 partae
329 737 412 757 vffloriae
426 737 495 757 merito
508 738 540 758 vel
553 737 647 763 superbire
655 751 663 761 ‚
675 737 707 757 vel
720 736 762 756 οιίο

83 766 159 787 torpere
198 762 242 786 sset,
256 762 334 785 Divina
346 762 451 782 voluntatis
465 768 513 782 nutu
525 762 595 782 fastum
608 762 646 786 est,
658 767 680 782 ut
694 762 763 786 Virgo,

81 792 125 812 quae
142 787 167 806 du
182 794 214 807 um
233 787 254 807 in
267 787 340 807 summa
358 787 403 807 vitae
415 787 521 807 austeritate
541 793 629 813 perpetua
647 787 713 807 latitia
723 800 730 811 ‚
743 786 762 806 8<

82 812 143 832 animi
162 812 299 837 tranquillitate
316 812 429 836 fruebatur,
447 818 486 832 tam
500 812 564 838 rigidz
582 811 763 832 solitudinis-taedio

82 837 131 857 adeo
144 837 264 862 afficeretur,
275 843 297 857 ut
310 837 347 862 jam
360 838 383 857 de
396 837 507 858 voluntario
519 844 593 858 carcere
606 837 720 861 deserendo,
732 836 764 856 de-

83 868 122 888 que
139 863 246 887 repetendis
264 862 308 883 vitae
327 863 433 883 commodis
446 869 476 883 ma
491 869 515 883 na
532 863 592 883 animi
606 862 716 882 turbatione
730 868 765 882 οπ-

83 887 135 916 perit
147 888 241 913 cogitate.
261 889 284 908 ln
298 894 360 908 novas·
370 888 432 914 itaque
451 889 474 908 ad
488 888 530 908 ufla
543 888 630 908 tenebras
648 888 694 907 dum
707 887 765 907 anxia.

82 919 105 932 an
120 913 183 933 dubiis
196 913 263 937 haeret,
274 919 341 933 vocem
355 914 378 933 ad
391 913 452 934 cordis
465 913 556 933 interiora
569 913 684 933 clamantem
698 912 764 936 senfin,

81 937 119 958 fibi
133 938 275 963 ingratitudinis
285 952 292 963 ‚
309 938 328 958 &
341 938 414 959 inertiae
428 939 464 958 suae
476 939 550 959 crimen
563 938 721 964 exprobrantem3
734 944 765 958 cu·

83 962 114 988 jus
128 969 242 988 oportunam
256 963 333 984 Divinae
346 963 472 984 miserationis
485 971 541 990 opem
554 964 588 984 fibi
601 964 622 983 in
635 969 721 984 extremo
732 962 767 983 dis-

82 988 168 1017 crimine
181 989 274 1009 laboranti
289 989 347 1009 latam
362 989 413 1009 fuiffe
427 989 518 1015 cognovit
532 989 653 1015 Archangela
663 1004 670 1014 ,
688 988 767 1017 subito?-

83 1020 123 1039 que
137 1020 158 1034 in
171 1014 227 1034 fletus
240 1014 309 1038 effusa,
322 1020 343 1034 ut
356 1014 390 1038 fibi
403 1014 533 1035 inconstantiae
546 1015 581 1035 suae
595 1020 657 1035 reatus
675 1021 685 1034 a
698 1014 767 1033 Domi-

72 1045 111 1061 .no
125 1038 131 1058 i
146 1039 253 1059 nosceretur
263 1053 270 1063 ‚
284 1039 353 1059 humili
372 1040 390 1060 δι
403 1040 484 1060 ferventi
498 1046 552 1066 prece
566 1040 652 1062 exoravit
662 1054 667 1059 .
686 1039 769 1059 Ancilla:

83 1064 123 1084 suae
152 1064 277 1084 umilitatem.
288 1065 369 1090 respexit
383 1065 436 1085 Deus
446 1079 452 1090 ‚
471 1071 561 1091 tantoque
575 1064 690 1085 fortitudinis
704 1064 771 1090 spiritu

87 1089 175 1110 animam
193 1090 249 1115 ipsius
267 1090 364 1111 roboravit
374 1103 381 1115 ‚
399 1096 420 1111 ut
433 1097 457 1110 ex
469 1097 492 1111 ea
504 1091 535 1111 die
548 1090 621 1111 nullam
638 1096 725 1135 unquam}¹
735 1095 770 1110 tre-

693 1121 713 1141 pi
726 1121 744 1135 e-
