<?xml version="1.0" encoding="UTF-8"?>
<!DOCTYPE html PUBLIC "-//W3C//DTD XHTML 1.0 Transitional//EN"
    "http://www.w3.org/TR/xhtml1/DTD/xhtml1-transitional.dtd">
<html xmlns="http://www.w3.org/1999/xhtml" xml:lang="en" lang="en">
 <head>
  <title>
</title>
<meta http-equiv="Content-Type" content="text/html;charset=utf-8" />
  <meta name='ocr-system' content='tesseract 3.04.00' />
  <meta name='ocr-capabilities' content='ocr_page ocr_carea ocr_par ocr_line ocrx_word'/>
</head>
<body>
  <div class='ocr_page' id='page_1' title='image "./ecclesiaeveneta02unkngoog_0070.png"; bbox 0 0 954 1333; ppageno 0'>
   <div class='ocr_carea' id='block_1_1' title="bbox 227 88 729 114">
    <p class='ocr_par' dir='ltr' id='par_1_1' title="bbox 227 88 729 114">
     <span class='ocr_line' id='line_1_1' title="bbox 227 88 729 114; baseline 0 -5"><span class='ocrx_word' id='word_1_1' title='bbox 227 88 246 109; x_wconf 83' lang='lat' dir='ltr'>S.</span> <span class='ocrx_word' id='word_1_2' title='bbox 263 88 409 109; x_wconf 61' lang='lat' dir='ltr'>Mum-nu</span> <span class='ocrx_word' id='word_1_3' title='bbox 426 88 606 109; x_wconf 57' lang='lat' dir='ltr'>V1n&lt;311⁴113u5⁴</span> <span class='ocrx_word' id='word_1_4' title='bbox 703 93 729 114; x_wconf 90' lang='lat'>²7</span> 
     </span>
    </p>
   </div>
   <div class='ocr_carea' id='block_1_2' title="bbox 41 123 785 1143">
    <p class='ocr_par' dir='ltr' id='par_1_2' title="bbox 41 123 785 1143">
     <span class='ocr_line' id='line_1_2' title="bbox 71 123 756 151; baseline 0.003 -7"><span class='ocrx_word' id='word_1_5' title='bbox 71 136 85 148; x_wconf 84' lang='lat'>‚‚</span> <span class='ocrx_word' id='word_1_6' title='bbox 99 123 128 144; x_wconf 89' lang='lat' dir='ltr'>est</span> <span class='ocrx_word' id='word_1_7' title='bbox 142 124 263 150; x_wconf 83' lang='lat' dir='ltr'>denegandus</span> <span class='ocrx_word' id='word_1_8' title='bbox 281 125 360 146; x_wconf 75' lang='lat' dir='ltr'>assensus</span> <span class='ocrx_word' id='word_1_9' title='bbox 372 125 379 145; x_wconf 95' lang='lat' dir='ltr'>i</span> <span class='ocrx_word' id='word_1_10' title='bbox 393 125 419 145; x_wconf 75' lang='lat' dir='ltr'>sas</span> <span class='ocrx_word' id='word_1_11' title='bbox 437 125 505 151; x_wconf 79' lang='lat' dir='ltr'>exequi</span> <span class='ocrx_word' id='word_1_12' title='bbox 518 126 616 151; x_wconf 84' lang='lat' dir='ltr'>cupientes</span> <span class='ocrx_word' id='word_1_13' title='bbox 635 129 701 146; x_wconf 85' lang='lat' dir='ltr'>tenore</span> <span class='ocrx_word' id='word_1_14' title='bbox 715 132 756 151; x_wconf 83' lang='lat' dir='ltr'>pre-</span> 
     </span>
     <span class='ocr_line' id='line_1_3' title="bbox 71 149 758 177; baseline 0.003 -8"><span class='ocrx_word' id='word_1_15' title='bbox 71 162 85 174; x_wconf 82' lang='lat'><strong>„</strong></span> <span class='ocrx_word' id='word_1_16' title='bbox 99 149 185 170; x_wconf 86' lang='lat' dir='ltr'>sentium</span> <span class='ocrx_word' id='word_1_17' title='bbox 197 164 203 175; x_wconf 89' lang='lat'><em>‚</em></span> <span class='ocrx_word' id='word_1_18' title='bbox 221 151 240 171; x_wconf 78' lang='lat'>8&lt;</span> <span class='ocrx_word' id='word_1_19' title='bbox 252 150 364 174; x_wconf 60' lang='lat' dir='ltr'>auantitate</span> <span class='ocrx_word' id='word_1_20' title='bbox 395 150 484 176; x_wconf 77' lang='lat' dir='ltr'>postoiica</span> <span class='ocrx_word' id='word_1_21' title='bbox 493 164 500 175; x_wconf 87' lang='lat'><em>‚</em></span> <span class='ocrx_word' id='word_1_22' title='bbox 517 158 555 176; x_wconf 79' lang='lat' dir='ltr'>qua</span> <span class='ocrx_word' id='word_1_23' title='bbox 567 151 665 177; x_wconf 80' lang='lat' dir='ltr'>fungimur</span> <span class='ocrx_word' id='word_1_24' title='bbox 683 151 704 171; x_wconf 93' lang='lat' dir='ltr'>in</span> <span class='ocrx_word' id='word_1_25' title='bbox 723 151 758 175; x_wconf 67' lang='lat' dir='ltr'>hae</span> 
     </span>
     <span class='ocr_line' id='line_1_4' title="bbox 71 176 758 220; baseline 0.001 -25"><span class='ocrx_word' id='word_1_26' title='bbox 71 188 86 199; x_wconf 83' lang='lat'><strong><em>„</em></strong></span> <span class='ocrx_word' id='word_1_27' title='bbox 99 180 156 220; x_wconf 47' lang='lat' dir='ltr'>Parte</span> <span class='ocrx_word' id='word_1_28' title='bbox 170 182 194 196; x_wconf 82' lang='lat' dir='ltr'>ex</span> <span class='ocrx_word' id='word_1_29' title='bbox 207 176 282 202; x_wconf 77' lang='lat' dir='ltr'>speciali</span> <span class='ocrx_word' id='word_1_30' title='bbox 295 176 405 197; x_wconf 80' lang='lat' dir='ltr'>comiffione</span> <span class='ocrx_word' id='word_1_31' title='bbox 418 176 540 202; x_wconf 83' lang='lat' dir='ltr'>suprascripta</span> <span class='ocrx_word' id='word_1_32' title='bbox 553 176 599 196; x_wconf 57' lang='lat' dir='ltr'>fabia</span> <span class='ocrx_word' id='word_1_33' title='bbox 613 177 668 197; x_wconf 86' lang='lat' dir='ltr'>nobis</span> <span class='ocrx_word' id='word_1_34' title='bbox 686 176 704 196; x_wconf 72' lang='lat'>8&lt;</span> <span class='ocrx_word' id='word_1_35' title='bbox 718 183 758 201; x_wconf 81' lang='lat' dir='ltr'>pre—</span> 
     </span>
     <span class='ocr_line' id='line_1_5' title="bbox 71 202 758 227; baseline 0.003 -7"><span class='ocrx_word' id='word_1_36' title='bbox 71 213 87 224; x_wconf 90' lang='lat'>„</span> <span class='ocrx_word' id='word_1_37' title='bbox 107 206 175 221; x_wconf 83' lang='lat' dir='ltr'>entata</span> <span class='ocrx_word' id='word_1_38' title='bbox 188 202 320 227; x_wconf 79' lang='lat' dir='ltr'>vespresatum</span> <span class='ocrx_word' id='word_1_39' title='bbox 330 203 353 222; x_wconf 79' lang='lat' dir='ltr'>R.</span> <span class='ocrx_word' id='word_1_40' title='bbox 360 202 384 222; x_wconf 94' lang='lat' dir='ltr'>D.</span> <span class='ocrx_word' id='word_1_41' title='bbox 392 202 500 222; x_wconf 85' lang='lat' dir='ltr'>Antonium</span> <span class='ocrx_word' id='word_1_42' title='bbox 511 202 623 222; x_wconf 81' lang='lat' dir='ltr'>Contareno</span> <span class='ocrx_word' id='word_1_43' title='bbox 629 202 758 222; x_wconf 81' lang='lat' dir='ltr'>Patriarcham</span> 
     </span>
     <span class='ocr_line' id='line_1_6' title="bbox 70 226 758 253; baseline 0.001 -7"><span class='ocrx_word' id='word_1_44' title='bbox 70 239 84 250; x_wconf 83' lang='lat'>‚,</span> <span class='ocrx_word' id='word_1_45' title='bbox 99 226 229 247; x_wconf 83' lang='lat' dir='ltr'>venetiarum</span> <span class='ocrx_word' id='word_1_46' title='bbox 243 234 347 253; x_wconf 80' lang='lat' dir='ltr'>omnesque</span> <span class='ocrx_word' id='word_1_47' title='bbox 360 228 408 248; x_wconf 76' lang='lat' dir='ltr'>aiios</span> <span class='ocrx_word' id='word_1_48' title='bbox 421 227 552 253; x_wconf 80' lang='lat' dir='ltr'>suprascriptos</span> <span class='ocrx_word' id='word_1_49' title='bbox 564 227 645 248; x_wconf 77' lang='lat' dir='ltr'>citamus</span> <span class='ocrx_word' id='word_1_50' title='bbox 654 241 661 252; x_wconf 85' lang='lat'><em>‚</em></span> <span class='ocrx_word' id='word_1_51' title='bbox 679 227 758 253; x_wconf 86' lang='lat' dir='ltr'>requiri-</span> 
     </span>
     <span class='ocr_line' id='line_1_7' title="bbox 70 252 757 279; baseline 0 -7"><span class='ocrx_word' id='word_1_52' title='bbox 70 264 84 276; x_wconf 78' lang='lat'>„</span> <span class='ocrx_word' id='word_1_53' title='bbox 98 257 157 276; x_wconf 80' lang='lat' dir='ltr'>mus,</span> <span class='ocrx_word' id='word_1_54' title='bbox 171 252 189 272; x_wconf 77' lang='lat'>8&lt;</span> <span class='ocrx_word' id='word_1_55' title='bbox 202 259 303 273; x_wconf 76' lang='lat' dir='ltr'>monemus</span> <span class='ocrx_word' id='word_1_56' title='bbox 322 253 395 279; x_wconf 86' lang='lat' dir='ltr'>primo,</span> <span class='ocrx_word' id='word_1_57' title='bbox 408 253 490 273; x_wconf 85' lang='lat' dir='ltr'>secundo</span> <span class='ocrx_word' id='word_1_58' title='bbox 499 267 507 277; x_wconf 89' lang='lat'>‚</span> <span class='ocrx_word' id='word_1_59' title='bbox 520 253 577 274; x_wconf 75' lang='lat' dir='ltr'>tertio</span> <span class='ocrx_word' id='word_1_60' title='bbox 594 253 613 273; x_wconf 84' lang='lat'>&amp;</span> <span class='ocrx_word' id='word_1_61' title='bbox 631 259 694 278; x_wconf 88' lang='lat' dir='ltr'>perem</span> <span class='ocrx_word' id='word_1_62' title='bbox 709 252 757 273; x_wconf 83' lang='lat' dir='ltr'>rorie</span> 
     </span>
     <span class='ocr_line' id='line_1_8' title="bbox 70 277 757 304; baseline 0 -7"><span class='ocrx_word' id='word_1_63' title='bbox 70 290 85 301; x_wconf 90' lang='lat'>„</span> <span class='ocrx_word' id='word_1_64' title='bbox 98 282 197 302; x_wconf 79' lang='lat' dir='ltr'>quatenus</span> <span class='ocrx_word' id='word_1_65' title='bbox 210 279 265 298; x_wconf 80' lang='lat' dir='ltr'>tertia</span> <span class='ocrx_word' id='word_1_66' title='bbox 278 279 309 299; x_wconf 92' lang='lat' dir='ltr'>die</span> <span class='ocrx_word' id='word_1_67' title='bbox 324 279 363 304; x_wconf 82' lang='lat' dir='ltr'>post</span> <span class='ocrx_word' id='word_1_68' title='bbox 376 278 485 303; x_wconf 69' lang='lat' dir='ltr'>hujusmodi</span> <span class='ocrx_word' id='word_1_69' title='bbox 498 278 610 298; x_wconf 82' lang='lat' dir='ltr'>citationem</span> <span class='ocrx_word' id='word_1_70' title='bbox 620 278 676 298; x_wconf 87' lang='lat' dir='ltr'>vobis</span> <span class='ocrx_word' id='word_1_71' title='bbox 696 277 757 298; x_wconf 53' lang='lat' dir='ltr'>abiam</span> 
     </span>
     <span class='ocr_line' id='line_1_9' title="bbox 69 303 757 329; baseline 0.003 -8"><span class='ocrx_word' id='word_1_72' title='bbox 69 315 83 326; x_wconf 89' lang='lat'>„</span> <span class='ocrx_word' id='word_1_73' title='bbox 96 308 167 323; x_wconf 88' lang='lat' dir='ltr'>coram</span> <span class='ocrx_word' id='word_1_74' title='bbox 185 304 240 324; x_wconf 76' lang='lat' dir='ltr'>nobis</span> <span class='ocrx_word' id='word_1_75' title='bbox 258 304 279 324; x_wconf 92' lang='lat' dir='ltr'>in</span> <span class='ocrx_word' id='word_1_76' title='bbox 292 304 366 324; x_wconf 79' lang='lat' dir='ltr'>Palatio</span> <span class='ocrx_word' id='word_1_77' title='bbox 380 303 489 329; x_wconf 83' lang='lat' dir='ltr'>Apostolico</span> <span class='ocrx_word' id='word_1_78' title='bbox 503 304 628 324; x_wconf 82' lang='lat' dir='ltr'>Venetiarum</span> <span class='ocrx_word' id='word_1_79' title='bbox 648 303 679 323; x_wconf 89' lang='lat' dir='ltr'>vel</span> <span class='ocrx_word' id='word_1_80' title='bbox 692 303 757 328; x_wconf 81' lang='lat' dir='ltr'>alibi,</span> 
     </span>
     <span class='ocr_line' id='line_1_10' title="bbox 68 328 757 355; baseline 0.001 -8"><span class='ocrx_word' id='word_1_81' title='bbox 68 341 82 352; x_wconf 87' lang='lat'>„</span> <span class='ocrx_word' id='word_1_82' title='bbox 96 328 133 348; x_wconf 87' lang='lat' dir='ltr'>ubi</span> <span class='ocrx_word' id='word_1_83' title='bbox 148 334 195 349; x_wconf 87' lang='lat' dir='ltr'>tunc</span> <span class='ocrx_word' id='word_1_84' title='bbox 209 336 243 350; x_wconf 78' lang='lat' dir='ltr'>nos</span> <span class='ocrx_word' id='word_1_85' title='bbox 256 329 334 350; x_wconf 74' lang='lat' dir='ltr'>residere</span> <span class='ocrx_word' id='word_1_86' title='bbox 347 329 449 355; x_wconf 81' lang='lat' dir='ltr'>contigerit</span> <span class='ocrx_word' id='word_1_87' title='bbox 463 330 494 349; x_wconf 90' lang='lat' dir='ltr'>seu</span> <span class='ocrx_word' id='word_1_88' title='bbox 509 329 630 355; x_wconf 79' lang='lat' dir='ltr'>legiptimum</span> <span class='ocrx_word' id='word_1_89' title='bbox 649 334 757 354; x_wconf 85' lang='lat' dir='ltr'>procurato-</span> 
     </span>
     <span class='ocr_line' id='line_1_11' title="bbox 67 354 758 382; baseline 0.001 -9"><span class='ocrx_word' id='word_1_90' title='bbox 67 366 82 378; x_wconf 84' lang='lat'>„</span> <span class='ocrx_word' id='word_1_91' title='bbox 96 359 142 382; x_wconf 73' lang='lat' dir='ltr'>rem</span> <span class='ocrx_word' id='word_1_92' title='bbox 149 354 231 375; x_wconf 83' lang='lat' dir='ltr'>vestrum</span> <span class='ocrx_word' id='word_1_93' title='bbox 242 361 298 375; x_wconf 83' lang='lat' dir='ltr'>mane</span> <span class='ocrx_word' id='word_1_94' title='bbox 308 355 359 375; x_wconf 79' lang='lat' dir='ltr'>hora</span> <span class='ocrx_word' id='word_1_95' title='bbox 371 355 468 375; x_wconf 82' lang='lat' dir='ltr'>causarum</span> <span class='ocrx_word' id='word_1_96' title='bbox 482 355 583 378; x_wconf 85' lang='lat' dir='ltr'>consueta,</span> <span class='ocrx_word' id='word_1_97' title='bbox 595 355 609 374; x_wconf 79' lang='lat' dir='ltr'>si</span> <span class='ocrx_word' id='word_1_98' title='bbox 622 355 661 374; x_wconf 80' lang='lat' dir='ltr'>dies</span> <span class='ocrx_word' id='word_1_99' title='bbox 674 354 713 380; x_wconf 80' lang='lat' dir='ltr'>ipsa</span> <span class='ocrx_word' id='word_1_100' title='bbox 724 360 758 374; x_wconf 83' lang='lat' dir='ltr'>tet-</span> 
     </span>
     <span class='ocr_line' id='line_1_12' title="bbox 67 379 757 406; baseline 0 -7"><span class='ocrx_word' id='word_1_101' title='bbox 67 392 82 403; x_wconf 86' lang='lat'><strong>„</strong></span> <span class='ocrx_word' id='word_1_102' title='bbox 96 383 126 399; x_wconf 79' lang='lat' dir='ltr'>tia</span> <span class='ocrx_word' id='word_1_103' title='bbox 141 379 220 404; x_wconf 81' lang='lat' dir='ltr'>juridica</span> <span class='ocrx_word' id='word_1_104' title='bbox 233 381 289 401; x_wconf 83' lang='lat' dir='ltr'>fuerit</span> <span class='ocrx_word' id='word_1_105' title='bbox 300 394 307 405; x_wconf 91' lang='lat'>‚</span> <span class='ocrx_word' id='word_1_106' title='bbox 325 381 351 400; x_wconf 85' lang='lat' dir='ltr'>sin</span> <span class='ocrx_word' id='word_1_107' title='bbox 364 386 428 400; x_wconf 87' lang='lat' dir='ltr'>autem</span> <span class='ocrx_word' id='word_1_108' title='bbox 443 380 504 406; x_wconf 68' lang='lat' dir='ltr'>prima</span> <span class='ocrx_word' id='word_1_109' title='bbox 517 380 547 400; x_wconf 87' lang='lat' dir='ltr'>die</span> <span class='ocrx_word' id='word_1_110' title='bbox 562 379 606 405; x_wconf 78' lang='lat' dir='ltr'>juris</span> <span class='ocrx_word' id='word_1_111' title='bbox 619 386 643 399; x_wconf 86' lang='lat' dir='ltr'>ex</span> <span class='ocrx_word' id='word_1_112' title='bbox 657 385 703 400; x_wconf 89' lang='lat' dir='ltr'>tunc</span> <span class='ocrx_word' id='word_1_113' title='bbox 721 379 757 399; x_wconf 84' lang='lat' dir='ltr'>im·</span> 
     </span>
     <span class='ocr_line' id='line_1_13' title="bbox 67 405 757 432; baseline 0.001 -8"><span class='ocrx_word' id='word_1_114' title='bbox 67 417 81 429; x_wconf 90' lang='lat'>‚,</span> <span class='ocrx_word' id='word_1_115' title='bbox 96 405 184 425; x_wconf 82' lang='lat' dir='ltr'>mediate</span> <span class='ocrx_word' id='word_1_116' title='bbox 197 406 292 432; x_wconf 80' lang='lat' dir='ltr'>sequentis</span> <span class='ocrx_word' id='word_1_117' title='bbox 304 412 412 431; x_wconf 85' lang='lat' dir='ltr'>comparere</span> <span class='ocrx_word' id='word_1_118' title='bbox 426 406 509 426; x_wconf 74' lang='lat' dir='ltr'>debeatis</span> <span class='ocrx_word' id='word_1_119' title='bbox 521 406 545 425; x_wconf 84' lang='lat' dir='ltr'>ad</span> <span class='ocrx_word' id='word_1_120' title='bbox 558 405 659 425; x_wconf 87' lang='lat' dir='ltr'>dicendum</span> <span class='ocrx_word' id='word_1_121' title='bbox 670 419 677 429; x_wconf 86' lang='lat'><strong>‚</strong></span> <span class='ocrx_word' id='word_1_122' title='bbox 690 412 757 431; x_wconf 87' lang='lat' dir='ltr'>propo-</span> 
     </span>
     <span class='ocr_line' id='line_1_14' title="bbox 67 430 758 457; baseline 0.001 -8"><span class='ocrx_word' id='word_1_123' title='bbox 67 443 81 454; x_wconf 90' lang='lat'>„</span> <span class='ocrx_word' id='word_1_124' title='bbox 97 431 199 455; x_wconf 90' lang='lat' dir='ltr'>nendum,</span> <span class='ocrx_word' id='word_1_125' title='bbox 212 431 231 451; x_wconf 77' lang='lat'>8&lt;</span> <span class='ocrx_word' id='word_1_126' title='bbox 244 431 376 457; x_wconf 84' lang='lat' dir='ltr'>excipiendum</span> <span class='ocrx_word' id='word_1_127' title='bbox 390 431 482 457; x_wconf 88' lang='lat' dir='ltr'>quidquid</span> <span class='ocrx_word' id='word_1_128' title='bbox 495 431 554 451; x_wconf 78' lang='lat' dir='ltr'>vultis</span> <span class='ocrx_word' id='word_1_129' title='bbox 572 431 591 451; x_wconf 78' lang='lat'>8&lt;</span> <span class='ocrx_word' id='word_1_130' title='bbox 605 430 705 451; x_wconf 74' lang='lat' dir='ltr'>intenditis</span> <span class='ocrx_word' id='word_1_131' title='bbox 717 436 758 450; x_wconf 83' lang='lat' dir='ltr'>tam.</span> 
     </span>
     <span class='ocr_line' id='line_1_15' title="bbox 67 456 757 483; baseline 0.001 -8"><span class='ocrx_word' id='word_1_132' title='bbox 67 468 82 480; x_wconf 84' lang='lat'>„</span> <span class='ocrx_word' id='word_1_133' title='bbox 97 457 169 476; x_wconf 69' lang='lat' dir='ltr'>con&#39;tm</span> <span class='ocrx_word' id='word_1_134' title='bbox 181 457 311 477; x_wconf 85' lang='lat' dir='ltr'>comiffionem</span> <span class='ocrx_word' id='word_1_135' title='bbox 323 456 441 483; x_wconf 63' lang='lat' dir='ltr'>praed&#39;xfiiam,</span> <span class='ocrx_word' id='word_1_136' title='bbox 452 463 509 482; x_wconf 84' lang='lat' dir='ltr'>quam</span> <span class='ocrx_word' id='word_1_137' title='bbox 521 456 619 481; x_wconf 80' lang='lat' dir='ltr'>personam</span> <span class='ocrx_word' id='word_1_138' title='bbox 630 456 724 480; x_wconf 77' lang='lat' dir='ltr'>nostram,</span> <span class='ocrx_word' id='word_1_139' title='bbox 737 456 757 476; x_wconf 86' lang='lat'>&amp;</span> 
     </span>
     <span class='ocr_line' id='line_1_16' title="bbox 68 480 785 509; baseline 0 -8"><span class='ocrx_word' id='word_1_140' title='bbox 68 494 83 505; x_wconf 88' lang='lat'>„</span> <span class='ocrx_word' id='word_1_141' title='bbox 95 480 201 509; x_wconf 59' lang='lat' dir='ltr'>successive</span> <span class='ocrx_word' id='word_1_142' title='bbox 218 482 241 502; x_wconf 82' lang='lat' dir='ltr'>ad</span> <span class='ocrx_word' id='word_1_143' title='bbox 255 482 405 508; x_wconf 88' lang='lat' dir='ltr'>respondendum</span> <span class='ocrx_word' id='word_1_144' title='bbox 419 482 472 502; x_wconf 67' lang='lat' dir='ltr'>diflae</span> <span class='ocrx_word' id='word_1_145' title='bbox 491 482 564 502; x_wconf 70' lang='lat' dir='ltr'>findjcae</span> <span class='ocrx_word' id='word_1_146' title='bbox 583 482 601 502; x_wconf 87' lang='lat'>8&lt;</span> <span class='ocrx_word' id='word_1_147' title='bbox 620 481 757 507; x_wconf 77' lang='lat' dir='ltr'>procuratrici,</span> <span class='ocrx_word' id='word_1_148' title='bbox 780 485 785 489; x_wconf 86' lang='grc'><strong>”</strong></span> 
     </span>
     <span class='ocr_line' id='line_1_17' title="bbox 65 506 756 534; baseline 0.001 -9"><span class='ocrx_word' id='word_1_149' title='bbox 65 519 80 530; x_wconf 86' lang='lat'>„</span> <span class='ocrx_word' id='word_1_150' title='bbox 95 512 118 526; x_wconf 84' lang='lat' dir='ltr'>in</span> <span class='ocrx_word' id='word_1_151' title='bbox 133 506 151 526; x_wconf 78' lang='lat'>8&lt;</span> <span class='ocrx_word' id='word_1_152' title='bbox 164 507 218 533; x_wconf 81' lang='lat' dir='ltr'>super</span> <span class='ocrx_word' id='word_1_153' title='bbox 232 507 269 528; x_wconf 86' lang='lat' dir='ltr'>hiis</span> <span class='ocrx_word' id='word_1_154' title='bbox 281 514 323 534; x_wconf 81' lang='lat' dir='ltr'>quae</span> <span class='ocrx_word' id='word_1_155' title='bbox 336 513 402 529; x_wconf 86' lang='lat' dir='ltr'>contra</span> <span class='ocrx_word' id='word_1_156' title='bbox 414 514 449 528; x_wconf 76' lang='lat' dir='ltr'>vos</span> <span class='ocrx_word' id='word_1_157' title='bbox 458 507 513 528; x_wconf 68' lang='lat' dir='ltr'>distae</span> <span class='ocrx_word' id='word_1_158' title='bbox 524 507 579 527; x_wconf 78' lang='lat' dir='ltr'>nobis</span> <span class='ocrx_word' id='word_1_159' title='bbox 588 506 640 527; x_wconf 62' lang='lat' dir='ltr'>1⁶³&amp;ae</span> <span class='ocrx_word' id='word_1_160' title='bbox 652 507 671 527; x_wconf 72' lang='grc' dir='ltr'>δε</span> <span class='ocrx_word' id='word_1_161' title='bbox 685 507 756 532; x_wconf 85' lang='lat' dir='ltr'>presen-</span> 
     </span>
     <span class='ocr_line' id='line_1_18' title="bbox 65 532 756 561; baseline 0.001 -10"><span class='ocrx_word' id='word_1_162' title='bbox 65 544 80 555; x_wconf 90' lang='lat'>„</span> <span class='ocrx_word' id='word_1_163' title='bbox 96 537 142 552; x_wconf 81' lang='lat' dir='ltr'>tatae</span> <span class='ocrx_word' id='word_1_164' title='bbox 155 533 271 553; x_wconf 65' lang='lat' dir='ltr'>comiffionis</span> <span class='ocrx_word' id='word_1_165' title='bbox 289 533 355 559; x_wconf 78' lang='lat' dir='ltr'>vigore</span> <span class='ocrx_word' id='word_1_166' title='bbox 369 534 431 553; x_wconf 82' lang='lat' dir='ltr'>dicere</span> <span class='ocrx_word' id='word_1_167' title='bbox 449 533 533 553; x_wconf 83' lang='lat' dir='ltr'>voluerit</span> <span class='ocrx_word' id='word_1_168' title='bbox 543 547 550 557; x_wconf 92' lang='lat'><strong>,</strong></span> <span class='ocrx_word' id='word_1_169' title='bbox 567 532 756 561; x_wconf 24' lang='lat' dir='ltr'>successivequetper</span> 
     </span>
     <span class='ocr_line' id='line_1_19' title="bbox 41 557 756 584; baseline 0.001 -8"><span class='ocrx_word' id='word_1_170' title='bbox 41 574 43 576; x_wconf 84' lang='lat'>.</span> <span class='ocrx_word' id='word_1_171' title='bbox 66 570 82 581; x_wconf 89' lang='lat'><strong>„</strong></span> <span class='ocrx_word' id='word_1_172' title='bbox 95 563 134 577; x_wconf 81' lang='lat' dir='ltr'>nos</span> <span class='ocrx_word' id='word_1_173' title='bbox 147 558 170 578; x_wconf 86' lang='lat' dir='ltr'>ad</span> <span class='ocrx_word' id='word_1_174' title='bbox 183 558 248 578; x_wconf 86' lang='lat' dir='ltr'>omnia</span> <span class='ocrx_word' id='word_1_175' title='bbox 261 559 280 578; x_wconf 86' lang='lat'>8&lt;</span> <span class='ocrx_word' id='word_1_176' title='bbox 294 559 364 584; x_wconf 78' lang='lat' dir='ltr'>singula</span> <span class='ocrx_word' id='word_1_177' title='bbox 378 559 465 579; x_wconf 82' lang='lat' dir='ltr'>mandata</span> <span class='ocrx_word' id='word_1_178' title='bbox 483 558 502 578; x_wconf 82' lang='lat'>8&lt;</span> <span class='ocrx_word' id='word_1_179' title='bbox 515 558 591 578; x_wconf 80' lang='lat' dir='ltr'>comiffii</span> <span class='ocrx_word' id='word_1_180' title='bbox 610 557 690 582; x_wconf 81' lang='lat' dir='ltr'>ipsarum</span> <span class='ocrx_word' id='word_1_181' title='bbox 705 557 756 577; x_wconf 81' lang='lat' dir='ltr'>litte·</span> 
     </span>
     <span class='ocr_line' id='line_1_20' title="bbox 67 582 758 607; baseline 0 -5"><span class='ocrx_word' id='word_1_182' title='bbox 67 595 82 606; x_wconf 87' lang='lat'><strong>„</strong></span> <span class='ocrx_word' id='word_1_183' title='bbox 96 588 164 603; x_wconf 80' lang='lat' dir='ltr'>rarum</span> <span class='ocrx_word' id='word_1_184' title='bbox 177 583 249 603; x_wconf 89' lang='lat' dir='ltr'>virtute</span> <span class='ocrx_word' id='word_1_185' title='bbox 259 583 344 604; x_wconf 81' lang='lat' dir='ltr'>facienda</span> <span class='ocrx_word' id='word_1_186' title='bbox 357 584 376 604; x_wconf 83' lang='lat'>8&lt;</span> <span class='ocrx_word' id='word_1_187' title='bbox 386 584 454 604; x_wconf 73' lang='lat' dir='ltr'>debitae</span> <span class='ocrx_word' id='word_1_188' title='bbox 465 583 574 604; x_wconf 85' lang='lat' dir='ltr'>executioni</span> <span class='ocrx_word' id='word_1_189' title='bbox 585 582 714 602; x_wconf 78' lang='lat' dir='ltr'>demandanda</span> <span class='ocrx_word' id='word_1_190' title='bbox 723 588 758 607; x_wconf 83' lang='lat' dir='ltr'>pro</span> 
     </span>
     <span class='ocr_line' id='line_1_21' title="bbox 57 608 260 632; baseline 0.015 -6"><span class='ocrx_word' id='word_1_191' title='bbox 57 612 81 632; x_wconf 59' lang='grc' dir='ltr'>’ῃ</span> <span class='ocrx_word' id='word_1_192' title='bbox 96 612 121 627; x_wconf 90' lang='lat' dir='ltr'>ut</span> <span class='ocrx_word' id='word_1_193' title='bbox 135 608 180 632; x_wconf 82' lang='lat' dir='ltr'>juris</span> <span class='ocrx_word' id='word_1_194' title='bbox 193 608 260 629; x_wconf 85' lang='lat' dir='ltr'>fuerit.</span> 
     </span>
     <span class='ocr_line' id='line_1_22' title="bbox 94 633 754 659; baseline 0.002 -7"><span class='ocrx_word' id='word_1_195' title='bbox 94 646 110 656; x_wconf 89' lang='lat'>„</span> <span class='ocrx_word' id='word_1_196' title='bbox 124 633 151 652; x_wconf 92' lang='lat' dir='ltr'>Et</span> <span class='ocrx_word' id='word_1_197' title='bbox 165 633 292 654; x_wconf 70' lang='lat' dir='ltr'>nihilominus</span> <span class='ocrx_word' id='word_1_198' title='bbox 306 635 415 659; x_wconf 78' lang='lat' dir='ltr'>hujusmodi</span> <span class='ocrx_word' id='word_1_199' title='bbox 429 633 463 654; x_wconf 83' lang='lat' dir='ltr'>lite</span> <span class='ocrx_word' id='word_1_200' title='bbox 476 634 561 654; x_wconf 70' lang='lat' dir='ltr'>indecisa</span> <span class='ocrx_word' id='word_1_201' title='bbox 572 634 666 659; x_wconf 81' lang='lat' dir='ltr'>pendente</span> <span class='ocrx_word' id='word_1_202' title='bbox 680 633 754 653; x_wconf 87' lang='lat' dir='ltr'>Coram</span> 
     </span>
     <span class='ocr_line' id='line_1_23' title="bbox 69 658 755 688; baseline 0 -10"><span class='ocrx_word' id='word_1_203' title='bbox 69 672 83 682; x_wconf 89' lang='lat'>„</span> <span class='ocrx_word' id='word_1_204' title='bbox 97 658 168 687; x_wconf 59' lang='lat' dir='ltr'>nobie,</span> <span class='ocrx_word' id='word_1_205' title='bbox 181 659 230 679; x_wconf 62' lang='lat' dir='ltr'>diffie</span> <span class='ocrx_word' id='word_1_206' title='bbox 243 660 269 679; x_wconf 90' lang='lat' dir='ltr'>D.</span> <span class='ocrx_word' id='word_1_207' title='bbox 280 660 379 680; x_wconf 85' lang='lat' dir='ltr'>Moniales</span> <span class='ocrx_word' id='word_1_208' title='bbox 389 659 502 680; x_wconf 83' lang='lat' dir='ltr'>Monasterii</span> <span class='ocrx_word' id='word_1_209' title='bbox 519 659 602 685; x_wconf 74' lang='lat' dir='ltr'>praediffl</span> <span class='ocrx_word' id='word_1_210' title='bbox 615 665 626 678; x_wconf 82' lang='lat' dir='ltr'>a</span> <span class='ocrx_word' id='word_1_211' title='bbox 641 658 701 688; x_wconf 61' lang='lat' dir='ltr'>Vobiq</span> <span class='ocrx_word' id='word_1_212' title='bbox 719 664 755 679; x_wconf 90' lang='lat' dir='ltr'>nec</span> 
     </span>
     <span class='ocr_line' id='line_1_24' title="bbox 69 684 756 713; baseline 0.001 -9"><span class='ocrx_word' id='word_1_213' title='bbox 69 696 83 708; x_wconf 86' lang='lat'>„</span> <span class='ocrx_word' id='word_1_214' title='bbox 96 684 122 704; x_wconf 83' lang='lat' dir='ltr'>ab</span> <span class='ocrx_word' id='word_1_215' title='bbox 135 684 178 704; x_wconf 80' lang='lat' dir='ltr'>aliis</span> <span class='ocrx_word' id='word_1_216' title='bbox 191 685 342 711; x_wconf 80' lang='lat' dir='ltr'>quibuscumque</span> <span class='ocrx_word' id='word_1_217' title='bbox 355 685 462 710; x_wconf 81' lang='lat' dir='ltr'>molestari,</span> <span class='ocrx_word' id='word_1_218' title='bbox 475 685 552 710; x_wconf 83' lang='lat' dir='ltr'>vexari,</span> <span class='ocrx_word' id='word_1_219' title='bbox 565 685 584 705; x_wconf 87' lang='lat'>8&lt;</span> <span class='ocrx_word' id='word_1_220' title='bbox 595 684 707 713; x_wconf 47' lang='lat' dir='ltr'>perturbari·</span> <span class='ocrx_word' id='word_1_221' title='bbox 716 690 756 706; x_wconf 78' lang='lat' dir='ltr'>non</span> 
     </span>
     <span class='ocr_line' id='line_1_25' title="bbox 69 710 756 737; baseline 0.001 -8"><span class='ocrx_word' id='word_1_222' title='bbox 69 722 83 733; x_wconf 86' lang='lat'>„</span> <span class='ocrx_word' id='word_1_223' title='bbox 96 710 169 730; x_wconf 85' lang='lat' dir='ltr'>debent</span> <span class='ocrx_word' id='word_1_224' title='bbox 179 724 186 734; x_wconf 87' lang='lat'><em>‚</em></span> <span class='ocrx_word' id='word_1_225' title='bbox 204 711 317 731; x_wconf 67' lang='lat' dir='ltr'>auctoritate</span> <span class='ocrx_word' id='word_1_226' title='bbox 335 711 354 731; x_wconf 86' lang='lat'>&amp;</span> <span class='ocrx_word' id='word_1_227' title='bbox 373 716 438 731; x_wconf 85' lang='lat' dir='ltr'>tenore</span> <span class='ocrx_word' id='word_1_228' title='bbox 457 711 547 737; x_wconf 83' lang='lat' dir='ltr'>premiffis</span> <span class='ocrx_word' id='word_1_229' title='bbox 561 711 584 730; x_wconf 92' lang='lat' dir='ltr'>V.</span> <span class='ocrx_word' id='word_1_230' title='bbox 598 711 621 730; x_wconf 92' lang='lat' dir='ltr'>R.</span> <span class='ocrx_word' id='word_1_231' title='bbox 636 710 661 730; x_wconf 90' lang='lat' dir='ltr'>D.</span> <span class='ocrx_word' id='word_1_232' title='bbox 675 710 701 730; x_wconf 77' lang='lat' dir='ltr'>ali</span> <span class='ocrx_word' id='word_1_233' title='bbox 731 715 756 730; x_wconf 83' lang='lat' dir='ltr'>ue</span> 
     </span>
     <span class='ocr_line' id='line_1_26' title="bbox 57 735 755 763; baseline 0 -8"><span class='ocrx_word' id='word_1_234' title='bbox 57 747 83 759; x_wconf 67' lang='lat'>,‚‚</span> <span class='ocrx_word' id='word_1_235' title='bbox 95 735 262 761; x_wconf 84' lang='lat' dir='ltr'>quibuscumque,</span> <span class='ocrx_word' id='word_1_236' title='bbox 274 736 344 762; x_wconf 85' lang='lat' dir='ltr'>quibus</span> <span class='ocrx_word' id='word_1_237' title='bbox 357 737 449 762; x_wconf 80' lang='lat' dir='ltr'>presentes</span> <span class='ocrx_word' id='word_1_238' title='bbox 463 737 529 757; x_wconf 78' lang='lat' dir='ltr'>nostrae</span> <span class='ocrx_word' id='word_1_239' title='bbox 543 736 702 763; x_wconf 57' lang='lat' dir='ltr'>praesentabuntur</span> <span class='ocrx_word' id='word_1_240' title='bbox 729 736 755 755; x_wconf 89' lang='lat' dir='ltr'>ub</span> 
     </span>
     <span class='ocr_line' id='line_1_27' title="bbox 68 760 756 788; baseline 0 -8"><span class='ocrx_word' id='word_1_241' title='bbox 68 773 82 784; x_wconf 87' lang='lat'>„</span> <span class='ocrx_word' id='word_1_242' title='bbox 96 761 304 782; x_wconf 75' lang='lat' dir='ltr'>excommunicationis</span> <span class='ocrx_word' id='word_1_243' title='bbox 317 768 365 788; x_wconf 79' lang='lat' dir='ltr'>pena</span> <span class='ocrx_word' id='word_1_244' title='bbox 379 762 491 782; x_wconf 75' lang='lat' dir='ltr'>mandamns</span> <span class='ocrx_word' id='word_1_245' title='bbox 499 776 506 787; x_wconf 84' lang='lat'><em>‚</em></span> <span class='ocrx_word' id='word_1_246' title='bbox 519 767 612 788; x_wconf 84' lang='lat' dir='ltr'>quatenus</span> <span class='ocrx_word' id='word_1_247' title='bbox 626 763 651 782; x_wconf 79' lang='lat' dir='ltr'>ab</span> <span class='ocrx_word' id='word_1_248' title='bbox 664 760 756 781; x_wconf 80' lang='lat' dir='ltr'>omnibus</span> 
     </span>
     <span class='ocr_line' id='line_1_28' title="bbox 69 786 755 812; baseline -0.001 -6"><span class='ocrx_word' id='word_1_249' title='bbox 69 798 83 809; x_wconf 85' lang='lat'><strong>„</strong></span> <span class='ocrx_word' id='word_1_250' title='bbox 96 786 268 812; x_wconf 77' lang='lat' dir='ltr'>molestationibus,</span> <span class='ocrx_word' id='word_1_251' title='bbox 281 787 459 812; x_wconf 83' lang='lat' dir='ltr'>&amp;turbationibus‚</span> <span class='ocrx_word' id='word_1_252' title='bbox 472 786 755 811; x_wconf 76' lang='lat' dir='ltr'>&amp;vexationibuscontraipsas</span> 
     </span>
     <span class='ocr_line' id='line_1_29' title="bbox 69 811 755 836; baseline -0.001 -4"><span class='ocrx_word' id='word_1_253' title='bbox 69 823 83 835; x_wconf 57' lang='lat'>‚2</span> <span class='ocrx_word' id='word_1_254' title='bbox 96 811 123 831; x_wconf 87' lang='lat' dir='ltr'>D·</span> <span class='ocrx_word' id='word_1_255' title='bbox 135 811 259 832; x_wconf 82' lang='lat' dir='ltr'>Monialesac</span> <span class='ocrx_word' id='word_1_256' title='bbox 265 812 405 832; x_wconf 84' lang='lat' dir='ltr'>Monasterium</span> <span class='ocrx_word' id='word_1_257' title='bbox 419 813 473 832; x_wconf 91' lang='lat' dir='ltr'>suum</span> <span class='ocrx_word' id='word_1_258' title='bbox 486 813 570 833; x_wconf 82' lang='lat' dir='ltr'>desistere</span> <span class='ocrx_word' id='word_1_259' title='bbox 584 812 680 836; x_wconf 76' lang='lat' dir='ltr'>debeatis,</span> <span class='ocrx_word' id='word_1_260' title='bbox 693 811 712 831; x_wconf 87' lang='lat'>8&lt;</span> <span class='ocrx_word' id='word_1_261' title='bbox 724 811 755 831; x_wconf 86' lang='lat' dir='ltr'>de-</span> 
     </span>
     <span class='ocr_line' id='line_1_30' title="bbox 69 836 754 863; baseline 0 -7"><span class='ocrx_word' id='word_1_262' title='bbox 69 849 83 861; x_wconf 80' lang='lat'>„</span> <span class='ocrx_word' id='word_1_263' title='bbox 96 836 155 857; x_wconf 81' lang='lat' dir='ltr'>beant</span> <span class='ocrx_word' id='word_1_264' title='bbox 165 851 173 862; x_wconf 87' lang='lat'>‚</span> <span class='ocrx_word' id='word_1_265' title='bbox 186 844 210 858; x_wconf 88' lang='lat' dir='ltr'>ne</span> <span class='ocrx_word' id='word_1_266' title='bbox 223 844 257 863; x_wconf 88' lang='lat' dir='ltr'>pro</span> <span class='ocrx_word' id='word_1_267' title='bbox 270 843 292 857; x_wconf 88' lang='lat' dir='ltr'>ut</span> <span class='ocrx_word' id='word_1_268' title='bbox 305 838 340 863; x_wconf 82' lang='lat' dir='ltr'>juri</span> <span class='ocrx_word' id='word_1_269' title='bbox 363 838 420 858; x_wconf 80' lang='lat' dir='ltr'>fuerit</span> <span class='ocrx_word' id='word_1_270' title='bbox 433 842 500 858; x_wconf 81' lang='lat' dir='ltr'>contra</span> <span class='ocrx_word' id='word_1_271' title='bbox 513 838 538 858; x_wconf 90' lang='lat' dir='ltr'>D.</span> <span class='ocrx_word' id='word_1_272' title='bbox 550 838 574 857; x_wconf 84' lang='lat' dir='ltr'>V.</span> <span class='ocrx_word' id='word_1_273' title='bbox 584 838 607 857; x_wconf 86' lang='lat' dir='ltr'>R.</span> <span class='ocrx_word' id='word_1_274' title='bbox 621 837 656 857; x_wconf 87' lang='lat' dir='ltr'>&amp;c.</span> <span class='ocrx_word' id='word_1_275' title='bbox 670 836 717 857; x_wconf 80' lang='lat' dir='ltr'>alios</span> <span class='ocrx_word' id='word_1_276' title='bbox 730 836 754 856; x_wconf 80' lang='lat' dir='ltr'>ad</span> 
     </span>
     <span class='ocr_line' id='line_1_31' title="bbox 70 845 752 891; baseline 0 -10"><span class='ocrx_word' id='word_1_277' title='bbox 70 874 84 886; x_wconf 86' lang='lat'><strong>„</strong></span> <span class='ocrx_word' id='word_1_278' title='bbox 96 861 189 882; x_wconf 80' lang='lat' dir='ltr'>ulteriora</span> <span class='ocrx_word' id='word_1_279' title='bbox 207 863 308 888; x_wconf 85' lang='lat' dir='ltr'>procedere</span> <span class='ocrx_word' id='word_1_280' title='bbox 322 845 424 889; x_wconf 59' lang='grc' dir='ltr'>εοέειιτιιιτ,</span> <span class='ocrx_word' id='word_1_281' title='bbox 437 863 528 883; x_wconf 78' lang='lat' dir='ltr'>innovata</span> <span class='ocrx_word' id='word_1_282' title='bbox 541 868 665 891; x_wconf 33' lang='lat' dir='ltr'>quacunque*</span> <span class='ocrx_word' id='word_1_283' title='bbox 676 868 752 882; x_wconf 79' lang='lat' dir='ltr'>revoca-</span> 
     </span>
     <span class='ocr_line' id='line_1_32' title="bbox 69 888 754 914; baseline -0.001 -7"><span class='ocrx_word' id='word_1_284' title='bbox 69 898 83 911; x_wconf 80' lang='lat'><strong>„</strong></span> <span class='ocrx_word' id='word_1_285' title='bbox 95 893 150 908; x_wconf 79' lang='lat' dir='ltr'>mus.</span> <span class='ocrx_word' id='word_1_286' title='bbox 164 889 261 909; x_wconf 85' lang='lat' dir='ltr'>Novimus</span> <span class='ocrx_word' id='word_1_287' title='bbox 279 894 344 909; x_wconf 76' lang='lat' dir='ltr'>autem</span> <span class='ocrx_word' id='word_1_288' title='bbox 358 889 383 909; x_wconf 90' lang='lat' dir='ltr'>D.</span> <span class='ocrx_word' id='word_1_289' title='bbox 397 889 422 908; x_wconf 91' lang='lat' dir='ltr'>V.</span> <span class='ocrx_word' id='word_1_290' title='bbox 435 888 479 909; x_wconf 81' lang='lat' dir='ltr'>satis</span> <span class='ocrx_word' id='word_1_291' title='bbox 497 888 596 914; x_wconf 78' lang='lat' dir='ltr'>prudentia</span> <span class='ocrx_word' id='word_1_292' title='bbox 610 888 707 913; x_wconf 58' lang='lat' dir='ltr'>praeditam</span> <span class='ocrx_word' id='word_1_293' title='bbox 720 888 754 907; x_wconf 86' lang='lat' dir='ltr'>ob-</span> 
     </span>
     <span class='ocr_line' id='line_1_33' title="bbox 69 912 753 944; baseline 0 -12"><span class='ocrx_word' id='word_1_294' title='bbox 69 925 82 936; x_wconf 93' lang='lat'>„</span> <span class='ocrx_word' id='word_1_295' title='bbox 94 913 292 940; x_wconf 73' lang='lat' dir='ltr'>sequentiffimamque</span> <span class='ocrx_word' id='word_1_296' title='bbox 306 914 420 944; x_wconf 74' lang='lat' dir='ltr'>Apostolicis</span> <span class='ocrx_word' id='word_1_297' title='bbox 434 914 539 938; x_wconf 77' lang='lat' dir='ltr'>mandatis,</span> <span class='ocrx_word' id='word_1_298' title='bbox 551 913 603 939; x_wconf 87' lang='lat' dir='ltr'>quod</span> <span class='ocrx_word' id='word_1_299' title='bbox 617 913 666 933; x_wconf 84' lang='lat' dir='ltr'>bene</span> <span class='ocrx_word' id='word_1_300' title='bbox 679 912 753 933; x_wconf 84' lang='lat' dir='ltr'>intelle·</span> 
     </span>
     <span class='ocr_line' id='line_1_34' title="bbox 70 938 754 964; baseline 0 -6"><span class='ocrx_word' id='word_1_301' title='bbox 70 950 83 962; x_wconf 84' lang='lat'>„</span> <span class='ocrx_word' id='word_1_302' title='bbox 95 938 126 958; x_wconf 66' lang='lat' dir='ltr'>&amp;a</span> <span class='ocrx_word' id='word_1_303' title='bbox 138 939 169 959; x_wconf 87' lang='lat' dir='ltr'>SS.</span> <span class='ocrx_word' id='word_1_304' title='bbox 182 939 241 960; x_wconf 87' lang='lat' dir='ltr'>Dom.</span> <span class='ocrx_word' id='word_1_305' title='bbox 252 939 310 960; x_wconf 79' lang='lat' dir='ltr'>nostri</span> <span class='ocrx_word' id='word_1_306' title='bbox 323 940 431 960; x_wconf 81' lang='lat' dir='ltr'>intentione</span> <span class='ocrx_word' id='word_1_307' title='bbox 444 940 463 960; x_wconf 74' lang='grc' dir='ltr'>δε</span> <span class='ocrx_word' id='word_1_308' title='bbox 476 939 584 960; x_wconf 67' lang='lat' dir='ltr'>{ittet-arum</span> <span class='ocrx_word' id='word_1_309' title='bbox 598 938 681 964; x_wconf 77' lang='lat' dir='ltr'>ipsarum</span> <span class='ocrx_word' id='word_1_310' title='bbox 693 938 754 959; x_wconf 81' lang='lat' dir='ltr'>forma</span> 
     </span>
     <span class='ocr_line' id='line_1_35' title="bbox 75 964 756 990; baseline 0 -6"><span class='ocrx_word' id='word_1_311' title='bbox 75 976 88 987; x_wconf 83' lang='lat'>‚‚</span> <span class='ocrx_word' id='word_1_312' title='bbox 94 964 229 990; x_wconf 71' lang='lat' dir='ltr'>,pei-scrutata,</span> <span class='ocrx_word' id='word_1_313' title='bbox 241 965 268 985; x_wconf 86' lang='lat' dir='ltr'>ita</span> <span class='ocrx_word' id='word_1_314' title='bbox 281 966 367 985; x_wconf 82' lang='lat' dir='ltr'>consulte</span> <span class='ocrx_word' id='word_1_315' title='bbox 381 965 490 990; x_wconf 77' lang='lat' dir='ltr'>hujusmodi</span> <span class='ocrx_word' id='word_1_316' title='bbox 503 964 597 985; x_wconf 80' lang='lat' dir='ltr'>mandatis</span> <span class='ocrx_word' id='word_1_317' title='bbox 610 964 699 984; x_wconf 86' lang='lat' dir='ltr'>inherere</span> <span class='ocrx_word' id='word_1_318' title='bbox 715 969 756 988; x_wconf 81' lang='lat' dir='ltr'>pro-</span> 
     </span>
     <span class='ocr_line' id='line_1_36' title="bbox 70 989 753 1019; baseline -0.001 -10"><span class='ocrx_word' id='word_1_319' title='bbox 70 1000 84 1012; x_wconf 84' lang='lat'>„</span> <span class='ocrx_word' id='word_1_320' title='bbox 96 989 183 1014; x_wconf 85' lang='lat' dir='ltr'>curabit,</span> <span class='ocrx_word' id='word_1_321' title='bbox 197 990 248 1016; x_wconf 88' lang='lat' dir='ltr'>quod</span> <span class='ocrx_word' id='word_1_322' title='bbox 258 990 311 1011; x_wconf 86' lang='lat' dir='ltr'>illius</span> <span class='ocrx_word' id='word_1_323' title='bbox 322 990 431 1011; x_wconf 82' lang='lat' dir='ltr'>obedientia</span> <span class='ocrx_word' id='word_1_324' title='bbox 441 991 491 1017; x_wconf 78' lang='lat' dir='ltr'>apud</span> <span class='ocrx_word' id='word_1_325' title='bbox 502 991 567 1010; x_wconf 87' lang='lat' dir='ltr'>Deum</span> <span class='ocrx_word' id='word_1_326' title='bbox 578 989 602 1019; x_wconf 37' lang='grc' dir='ltr'>δι’</span> <span class='ocrx_word' id='word_1_327' title='bbox 609 990 697 1019; x_wconf 72' lang='lat' dir='ltr'>homines</span> <span class='ocrx_word' id='word_1_328' title='bbox 702 994 753 1017; x_wconf 75' lang='lat' dir='ltr'>cqm-</span> 
     </span>
     <span class='ocr_line' id='line_1_37' title="bbox 69 1014 753 1043; baseline -0.003 -8"><span class='ocrx_word' id='word_1_329' title='bbox 69 1027 82 1039; x_wconf 50' lang='grc' dir='ltr'>ῃ</span> <span class='ocrx_word' id='word_1_330' title='bbox 95 1015 183 1035; x_wconf 78' lang='lat' dir='ltr'>mendari</span> <span class='ocrx_word' id='word_1_331' title='bbox 196 1016 301 1037; x_wconf 85' lang='lat' dir='ltr'>merebitur</span> <span class='ocrx_word' id='word_1_332' title='bbox 311 1030 318 1041; x_wconf 94' lang='lat'>,</span> <span class='ocrx_word' id='word_1_333' title='bbox 336 1023 371 1037; x_wconf 84' lang='lat' dir='ltr'>nec</span> <span class='ocrx_word' id='word_1_334' title='bbox 384 1016 427 1036; x_wconf 77' lang='lat' dir='ltr'>aliis</span> <span class='ocrx_word' id='word_1_335' title='bbox 439 1016 534 1036; x_wconf 72' lang='lat' dir='ltr'>mandatis</span> <span class='ocrx_word' id='word_1_336' title='bbox 547 1014 613 1035; x_wconf 75' lang='lat' dir='ltr'>nostris</span> <span class='ocrx_word' id='word_1_337' title='bbox 631 1021 672 1043; x_wconf 76' lang='lat' dir='ltr'>imo</span> <span class='ocrx_word' id='word_1_338' title='bbox 689 1019 753 1034; x_wconf 80' lang='lat' dir='ltr'>verius</span> 
     </span>
     <span class='ocr_line' id='line_1_38' title="bbox 70 1038 752 1068; baseline -0.003 -8"><span class='ocrx_word' id='word_1_339' title='bbox 70 1053 83 1064; x_wconf 86' lang='lat'>‚‚</span> <span class='ocrx_word' id='word_1_340' title='bbox 94 1040 211 1065; x_wconf 74' lang='lat' dir='ltr'>Apostolicis</span> <span class='ocrx_word' id='word_1_341' title='bbox 222 1041 243 1061; x_wconf 92' lang='lat' dir='ltr'>in</span> <span class='ocrx_word' id='word_1_342' title='bbox 257 1042 293 1062; x_wconf 83' lang='lat' dir='ltr'>hac</span> <span class='ocrx_word' id='word_1_343' title='bbox 306 1042 385 1062; x_wconf 83' lang='lat' dir='ltr'>materia</span> <span class='ocrx_word' id='word_1_344' title='bbox 398 1042 434 1062; x_wconf 89' lang='lat' dir='ltr'>erit</span> <span class='ocrx_word' id='word_1_345' title='bbox 445 1048 503 1067; x_wconf 73' lang='lat' dir='ltr'>opus.</span> <span class='ocrx_word' id='word_1_346' title='bbox 516 1040 627 1061; x_wconf 70' lang='lat' dir='ltr'>Certiorem</span> <span class='ocrx_word' id='word_1_347' title='bbox 641 1040 700 1068; x_wconf 70' lang='lat' dir='ltr'>igitur</span> <span class='ocrx_word' id='word_1_348' title='bbox 712 1038 752 1059; x_wconf 81' lang='lat' dir='ltr'>red-</span> 
     </span>
     <span class='ocr_line' id='line_1_39' title="bbox 70 1065 752 1094; baseline -0.001 -9"><span class='ocrx_word' id='word_1_349' title='bbox 70 1078 83 1090; x_wconf 84' lang='lat'>„</span> <span class='ocrx_word' id='word_1_350' title='bbox 95 1065 158 1086; x_wconf 83' lang='lat' dir='ltr'>dimus</span> <span class='ocrx_word' id='word_1_351' title='bbox 169 1066 194 1086; x_wconf 94' lang='lat' dir='ltr'>D.</span> <span class='ocrx_word' id='word_1_352' title='bbox 201 1066 280 1087; x_wconf 80' lang='lat' dir='ltr'>vestram</span> <span class='ocrx_word' id='word_1_353' title='bbox 291 1068 343 1093; x_wconf 87' lang='lat' dir='ltr'>quod</span> <span class='ocrx_word' id='word_1_354' title='bbox 355 1067 393 1087; x_wconf 86' lang='lat' dir='ltr'>five</span> <span class='ocrx_word' id='word_1_355' title='bbox 407 1067 428 1087; x_wconf 93' lang='lat' dir='ltr'>in</span> <span class='ocrx_word' id='word_1_356' title='bbox 441 1066 492 1087; x_wconf 68' lang='lat' dir='ltr'>diae</span> <span class='ocrx_word' id='word_1_357' title='bbox 498 1066 598 1094; x_wconf 41' lang='lat' dir='ltr'>citationis·</span> <span class='ocrx_word' id='word_1_358' title='bbox 607 1071 690 1085; x_wconf 80' lang='lat' dir='ltr'>termino</span> <span class='ocrx_word' id='word_1_359' title='bbox 700 1070 752 1093; x_wconf 80' lang='lat' dir='ltr'>com-</span> 
     </span>
     <span class='ocr_line' id='line_1_40' title="bbox 70 1092 751 1118; baseline -0.001 -6"><span class='ocrx_word' id='word_1_360' title='bbox 70 1104 82 1115; x_wconf 85' lang='lat'>„</span> <span class='ocrx_word' id='word_1_361' title='bbox 95 1092 190 1117; x_wconf 75' lang='lat' dir='ltr'>paruerit,</span> <span class='ocrx_word' id='word_1_362' title='bbox 203 1092 240 1113; x_wconf 80' lang='lat' dir='ltr'>five</span> <span class='ocrx_word' id='word_1_363' title='bbox 254 1097 293 1113; x_wconf 80' lang='lat' dir='ltr'>no‘n</span> <span class='ocrx_word' id='word_1_364' title='bbox 303 1107 310 1118; x_wconf 85' lang='lat'>,</span> <span class='ocrx_word' id='word_1_365' title='bbox 328 1099 363 1113; x_wconf 81' lang='lat' dir='ltr'>nos</span> <span class='ocrx_word' id='word_1_366' title='bbox 375 1092 503 1114; x_wconf 79' lang='lat' dir='ltr'>nihilominus</span> <span class='ocrx_word' id='word_1_367' title='bbox 516 1092 539 1112; x_wconf 83' lang='lat' dir='ltr'>ad</span> <span class='ocrx_word' id='word_1_368' title='bbox 553 1096 609 1117; x_wconf 76' lang='lat' dir='ltr'>partis</span> <span class='ocrx_word' id='word_1_369' title='bbox 624 1095 751 1118; x_wconf 63' lang='lat' dir='ltr'>comparentis</span> 
     </span>
     <span class='ocr_line' id='line_1_41' title="bbox 234 1121 731 1143; baseline 0.004 -5"><span class='ocrx_word' id='word_1_370' title='bbox 234 1122 237 1124; x_wconf 88' lang='lat'>&#39;</span> <span class='ocrx_word' id='word_1_371' title='bbox 254 1131 257 1133; x_wconf 66' lang='lat'>&gt;</span> <span class='ocrx_word' id='word_1_372' title='bbox 536 1124 547 1137; x_wconf 77' lang='lat'>²</span> <span class='ocrx_word' id='word_1_373' title='bbox 602 1130 603 1133; x_wconf 53' lang='lat'>¹</span> <span class='ocrx_word' id='word_1_374' title='bbox 674 1121 731 1143; x_wconf 49' lang='lat' dir='ltr'>„stn-</span> 
     </span>
    </p>
   </div>
  </div>
 </body>
</html>
