954 1333
192 78 298 100 sinc-rr
315 77 433 106 Joanms
449 73 477 98 ru
494 78 637 100 ΒιΑοοκκξ
684 85 723 106 341

110 116 140 136 Ab
153 116 240 137 Antonio
257 115 337 135 Suriano
354 115 460 135 Patriarcha
479 115 602 135 venetiarum
620 115 658 135 rim
677 115 761 138 solemni⁴

84 142 210 161 consecratam
223 141 275 161 fuiss‘e
288 142 346 160 Anno
357 140 414 160 Μυν.
433 140 524 165 fignificat
541 146 646 160 marmorea
658 140 759 166 epigraphe

84 172 193 191 perpetuam
206 166 233 185 rei
247 166 359 188 memoriam
372 164 473 189 exhibens:

108 205 121 215 „
135 191 192 211 an.
206 191 245 210 Die
256 197 282 210 vr.
297 191 391 210 Novemb.
406 191 448 216 Ego
458 190 553 210 Antonius
566 189 646 210 Suriano
653 189 759 210 Miseratio-

83 229 96 240 ,ο
109 223 133 235 ne
147 216 220 236 Divina
234 216 340 236 Patriarcha
354 217 421 236 Venet.
436 215 554 241 Dalmatiaeq.
566 214 637 235 Primas
651 215 759 235 consecravi

83 254 97 265 ‚2
109 241 162 261 Eecl.
176 241 224 261 hanc
238 241 258 261 in
271 241 364 262 honorem
378 241 395 260 S.
409 241 437 266 Jo.
451 241 503 266 Bapt.
522 240 541 260 in
555 241 635 265 Bragora
647 239 690 265 fing.
702 241 761 260 Chri·

82 279 96 290 „
109 265 129 285 sti
138 267 164 285 Fi.
170 266 191 286 in
197 266 330 286 Anniversario
336 266 490 286 Consecrationis
496 266 603 290 hujusmodi
609 265 668 290 Ipsam
675 265 722 285 vifit.
728 272 758 286 XL.

82 304 96 315 „
109 291 147 311 dies
161 292 183 311 de
197 298 240 311 vera
254 291 316 311 Indul.
330 291 349 311 in
364 291 423 311 forma
436 292 488 311 Eccl.
502 291 590 311 consueta
601 290 718 310 concedens.

108 316 156 336 Duae
169 322 192 336 ex
206 316 310 336 Dominica
323 316 401 337 Corona
414 316 531 336 venerabiles
544 316 604 341 Spinae
623 315 715 340 praecipua
729 322 760 336 ver

82 342 181 361 neratione
198 341 218 361 in
233 342 268 361 hae
282 341 364 362 Ecclesia
382 342 471 362 coluntur
490 341 561 361 statutis
580 341 645 361 diebus
662 340 757 366 frequenti

82 366 197 391 populorum
211 366 310 387 devotioni
323 367 420 392 expositae.

139 417 262 438 Atrei-vantur
274 424 349 444 quoque
362 418 383 438 in
396 424 418 438 ea
431 417 460 438 hae
473 417 584 437 Sanflorurn
598 416 702 442 Reliquiae.

107 456 166 481 Costa
180 458 227 478 Divi
240 459 306 483 Jacobi
320 458 404 479 Minoris
417 458 503 484 Apostoli
522 458 553 478 cui
566 464 639 477 annexa
657 457 684 477 est
697 457 759 482 plum·

81 481 116 501 bea
129 482 200 504 lamina
213 484 295 509 antiquis
308 484 382 509 prorsus
395 483 519 504 carafflribus
532 483 572 503 haec
585 483 689 503 exhibens:

106 520 145 539 Del
158 526 209 540 anno
217 527 270 545 1²3¹·
284 520 369 540 Donolla
375 520 405 539 M.
458 521 516 539 Anno
528 520 605 540 Mccu.
619 521 645 540 D.
658 520 759 540 Bonaven-

80 544 212 565 Bonaventura
225 545 309 565 Beccher
322 545 406 565 Fratello
431 550 473 564 tura
483 545 543 565 Lanio
553 551 597 565 cum
603 545 667 565 Uxore
678 545 710 565 sua
716 545 757 565 Ma-

81 569 100 588 di
107 570 175 589 Scuoia
185 577 222 590 con
233 570 265 589 sua
276 570 351 595 Moglie
362 570 407 589 don·
432 570 459 589 ria
472 570 491 589 8<
504 570 544 590 filio
558 570 638 594 Marco,
651 575 707 595 atque
717 570 758 593 filia

79 600 106 613 na
119 594 194 618 Maria,
207 595 241 615 suo
253 595 316 620 Figlio
330 595 410 619 Marco,
431 595 595 620 Catharina‚cum
601 595 644 615 esset
650 595 719 615 Custos
726 595 758 615 do-

80 625 92 638 e
105 619 137 638 sua
149 620 209 645 Figlia
218 620 320 640 cattaniza
333 620 408 640 essendo
433 620 486 640 navit
500 620 549 640 hanc
555 620 676 646 Reliquiam,
689 625 710 640 ut
724 620 757 639 sta·

80 644 169 664 Gastaldo
186 645 247 665 debba
278 645 346 665 ortarla
368 645 405 665 alla
433 645 479 665 tutis
494 644 566 665 diebus*
574 645 681 665 devotionis
700 644 758 664 intui-

79 669 136 690 Scola
146 670 152 689 i
162 670 182 690 di
192 670 262 690 ordena
275 670 294 694 i,
303 670 404 690 emostrar-
430 675 463 694 tu,
475 671 589 696 populorum
599 670 717 691 venerationi
727 676 758 690 ex-

80 694 100 714 la
117 701 151 719 per
168 695 262 715 devozion
279 696 302 715 de
321 701 370 716 tutte
387 695 406 716 le
431 701 522 721 ponatur.

83 720 162 744 persone
169 735 174 740 .

105 745 194 773 Reliquia
207 746 226 768 S⁴
238 746 329 772 Stephani
343 745 503 771 Prothomartyris
513 759 520 770 ‚
537 752 595 771 quam
613 751 703 775 argenteo
716 746 758 765 bra-

79 769 126 789 chio
139 770 230 790 inclusam
244 777 267 791 ex
281 771 384 791 Aibanenfi
399 771 499 790 Provincia
512 771 602 791 Sacerdos
614 771 692 796 quidam
705 771 758 790 detu-

79 794 116 818 lit,
129 800 184 820 atque
198 796 274 816 mulieri
288 796 356 816 consan
384 795 430 815 ineae
442 795 529 816 Venetiis
542 796 563 815 in
576 796 621 816 vico
631 796 686 816 hu'us
697 796 758 815 Paroe-

80 819 115 840 ciae
128 820 203 846 degenti
217 821 268 841 dono
281 821 343 841 dedit.
377 827 412 841 anc
424 827 475 841 annu
489 820 589 841 millesimo
599 821 679 846 quadrnn
693 820 758 840 entesi-

80 851 115 865 mo
127 845 241 871 oaogefimo
253 853 265 866 a
277 846 336 866 domo
348 846 433 871 privata,
446 846 479 865 ubi
492 846 557 866 minus
568 846 663 871 condigne
683 846 759 865 ervaba·

80 875 125 894 tur,
137 871 160 890 ad
173 871 278 896 proximam
289 871 389 897 &Ioannis
402 871 487 896 Baptistae
501 871 559 891 aedern
572 871 656 891 solemne
666 870 759 896 Principis

83 894 190 916 Decretum
204 896 298 916 transferri
312 896 419 917 mandavit.

131 934 164 954 De
177 934 259 955 Brachia
272 934 290 954 S.
303 934 401 954 Laurentii
415 934 445 954 M.

131 959 164 979 De
176 958 332 1005 gaffffigrusrssffl
350 959 442 980 Liberalis
454 959 546 980 Altinatis
563 959 621 980 Conf.
640 959 759 983 aliorumque

107 1020 139 1041 Ad
150 1020 235 1040 coelesses
245 1026 290 1045 quas
301 1021 428 1042 recensuimus
440 1021 516 1041 divitias
529 1021 620 1041 accedunt
631 1026 706 1046 quoque
716 1026 760 1046 pra-

83 1045 183 1066 elariffim
193 1045 310 1066 mansarum
316 1052 442 1068 urnamenta.
455 1046 554 1066 Christum
568 1047 618 1066 enim
632 1045 760 1071 cumAposto-

83 1071 108 1091 lis
119 1071 270 1110 discumbentem
281 1072 332 1093 Paris
342 1072 459 1097 Burdonius‚
471 1072 614 1097 Discipulorum
628 1071 760 1120 ρεάεςῐὲὲιῗη-
